2780 4480
562 154 702 210 saumas
718 143 723 171 ‘

222 345 351 407 uanaque
367 327 417 392 illa
430 336 511 390 metu
526 327 661 408 frigidior
675 328 790 407 rigente
805 328 909 392 bruma

222 413 398 492 confugerat
412 412 443 475 iu
459 413 571 476 smeera
584 413 663 474 mille
678 422 782 494 operta
796 415 886 495 rugis.

221 498 261 558 ita
278 516 339 559 non
355 498 440 578 potui
455 499 600 578 supplicio
616 508 706 578 caput
720 499 846 578 aperire,

220 582 272 645 sed
287 583 445 644 furciferae
459 584 614 645 mortifero
629 584 736 646 timore
751 583 834 646 lusus

52 679 69 727 5
221 667 258 730 ad
273 666 372 742 verba,
388 668 481 748 uagis
496 687 572 748 quae
586 677 726 748 poterant
742 688 860 742 nocere,
876 669 947 750 fugi.

178 760 295 816 erectus
315 753 406 832 igitur
426 754 458 814 in
478 753 613 816 cubitum
633 754 690 814 hac
711 754 773 815 fero
799 754 935 816 oratione
959 764 1166 820 contumacem

86 837 204 898 vexavi:
230 837 308 916 ‘quid
325 837 407 900 dicis’
428 839 550 917 iuquam
574 838 718 900 ‘omnium
738 839 893 900 homiuum
908 839 1093 920 deorumque
1107 863 1166 923 pu·

87 920 170 983 dor?
200 940 269 984 nam
284 939 323 984 ne
339 923 495 984 nominare
511 923 630 1003 quidem
644 933 674 984 te
689 924 768 984 inter
789 942 838 986 res
860 924 951 987 serias
966 926 1010 988 fas
1026 936 1078 988 est.
1107 929 1166 991 hoc

44 1014 67 1064 L
87 1007 125 1068 de
139 1016 171 1068 te
185 1007 303 1083 merui,
317 1015 352 1069 ut
371 1025 419 1070 me
434 1008 465 1070 iu
484 1009 569 1072 caelo
590 1008 720 1088 positum
739 1008 777 1068 ad
796 1009 1084 1074 inferos³traheresl
1109 1009 1114 1093 Ι
1134 1022 1166 1075 ut

38 1101 69 1154 tu
85 1092 261 1154 traduceres
282 1111 380 1156 annos
404 1094 501 1172 primo
527 1093 669 1155 florentes
694 1094 795 1172 vigore
821 1103 1020 1175 senectaeque
1046 1097 1165 1160 uhimae

85 1177 161 1237 mihi
176 1177 378 1240 lassitudinem
393 1175 584 1257 imponeres?
609 1195 684 1256 rogo
699 1187 745 1253 to,
767 1179 839 1242 mihi
854 1180 992 1260 apodixin
1008 1182 1166 1245 defuncto·

86 1262 162 1324 riam
178 1261 288 1326 redde’.
318 1251 390 1324 blec
405 1271 440 1324 ut
453 1263 547 1326 iratus
561 1262 660 1338 effudi,

193 1349 199 1424 Ι
218 1347 277 1408 ‘illa
291 1348 354 1410 solo
369 1349 444 1410 fixos
458 1348 560 1410 oculos
573 1365 673 1410 auersa
686 1347 816 1424 tenebat,

218 1450 275 1494 uec
291 1433 383 1513 magis
397 1433 517 1513 incepto
531 1433 645 1495 vultum
659 1451 802 1496 sermone
811 1443 947 1496 meretur

215 1535 306 1597 quam
320 1517 416 1580 lentae
431 1518 535 1580 salices
547 1518 827 1599 lassovepaparera
836 1518 932 1580 codo!

174 1620 230 1664 uec
251 1602 350 1664 miuus
370 1621 426 1681 ege
440 1611 500 1664 um
515 1604 599 1665 foeda
621 1602 830 1682 obiurgatione
843 1603 926 1664 finita
949 1605 1164 1683 paenitentiam

85 1705 174 1768 agere
190 1688 336 1749 sermonis
351 1688 411 1750 mei
425 1689 511 1768 coepi
526 1696 701 1767 secretoque
715 1687 826 1749 rubore
841 1689 995 1768 perfundi,
1014 1690 1095 1768 quod
1109 1691 1163 1752 ob-

83 1773 156 1835 litus
170 1772 367 1834 verecundiae
382 1791 465 1834 meae
479 1791 547 1835 cum
561 1791 596 1834 ea
611 1781 695 1853 parte
714 1773 852 1853 corporis
865 1773 954 1835 verba
975 1775 1162 1852 comederim,

86 1876 176 1936 quam
192 1876 231 1918 ue
251 1857 288 1918 ad
306 1857 508 1936 cognitionem
524 1858 644 1937 quidem
662 1858 815 1920 admittere
836 1859 991 1922 severioris
1005 1868 1094 1922 notae
1108 1862 1162 1922 ho·

40 1949 68 2000 tu
85 1943 182 2004 mines
205 1940 345 2004 solerent.
381 1961 450 2004 mox
465 1943 623 2024 perfricata
644 1943 753 2004 diutius
773 1944 873 2005 fronte
888 1945 969 2023 ‘quid
983 1953 1082 2008 autem
1097 1946 1162 2025 ego’

85 2029 207 2108 inquam
224 2027 301 2088 ‘mali
316 2028 382 2102 feci,
397 2028 423 2090 si
437 2027 570 2090 dolorem
581 2045 681 2090 meum
691 2029 818 2090 naturali
833 2029 967 2092 convicio
983 2030 1162 2093 exoneravi?

84 2121 135 2174 aut
150 2113 220 2192 quid
237 2119 282 2174 est
297 2112 377 2191 quod
391 2113 422 2174 iu
437 2131 564 2193 corpore
578 2114 710 2176 humano
724 2115 821 2176 uentri
836 2115 911 2176 mele
923 2115 1023 2177 dicere
1032 2117 1163 2180 solemus

84 2207 135 2260 aut
154 2198 241 2278 gulae
264 2197 412 2276 capitique
434 2198 538 2271 etiam,
566 2217 634 2260 cum
656 2197 898 2279 saepiusdolet?
925 2199 1017 2278 quid?
1044 2220 1106 2262 uon
1133 2210 1162 2263 et

45 2282 66 2334 L
84 2284 182 2345 Vlixes
197 2299 265 2344 cum
277 2282 367 2344 corde
382 2282 551 2363 litigatsuo,
571 2282 576 2365 Ι
597 2284 759 2362 etquidem
773 2284 877 2363 tragici
892 2285 996 2346 oculos
1008 2303 1079 2347 suos
1094 2294 1162 2347 tau·

40 2372 67 2422 25
84 2386 172 2448 quam
196 2367 351 2430 audientes
374 2365 541 2448 castigant?
562 2367 714 2448 podagrici
735 2367 861 2447 pedibus
880 2369 942 2431 suis
956 2370 1032 2432 male
1047 2369 1160 2447 dicunt,

84 2453 240 2532 chiragrici
256 2452 403 2528 manibus,
418 2453 491 2534 lippi
507 2453 610 2527 oculis,
626 2452 722 2532 etqui
738 2453 929 2516 offenderunt
939 2473 1027 2534 saepe
1041 2455 1158 2536 digitos,

84 2537 226 2617 quicquid
241 2536 353 2599 doloris
367 2536 487 2614 habent,
503 2538 534 2598 in
550 2537 641 2618 pedes
655 2537 809 2601 deferunt:
887 2575 891 2582 ·

27 2621 68 2672 lu
186 2622 191 2704 Ι
212 2623 283 2702 quid
297 2641 345 2684 me
360 2623 522 2685 constricta
536 2623 675 2702 spectatis
689 2623 789 2685 fronte
803 2622 931 2685 Catones

256 2708 460 2787 damnatisque
475 2725 568 2770 novae
583 2708 779 2787 simplicitatis
795 2705 892 2788 opus?

42 2795 67 2846 ³⁰
209 2793 358 2855 sermonis
371 2793 440 2872 puri
456 2811 517 2854 non
533 2793 624 2856 tristis
638 2793 731 2873 gratia
745 2794 831 2868 ridet,

258 2879 397 2957 quodque
411 2878 482 2939 facit
495 2879 634 2958 populus,
650 2879 776 2942 candida
788 2879 890 2959 lingua
904 2879 1011 2953 refert;

210 2979 278 3023 nam
294 2963 360 3041 quis
375 2962 562 3037 concubitus,
578 2962 702 3024 Veneris
718 2964 784 3042 quis
798 2963 903 3042 gaudia
926 2962 1044 3026 nescit?

258 3048 323 3125 quis
338 3056 416 3109 vetat
429 3049 459 3109 in
476 3048 577 3128 tepido
591 3048 725 3109 membra
740 3048 835 3110 calere
850 3045 940 3108 turo?

208 3132 273 3210 ipse
287 3142 374 3212 pater
385 3133 449 3194 'veri
465 3135 570 3195 doctos
583 3133 731 3212 Epicurus
746 3151 844 3194 amare

41 3217 66 3266 35
255 3218 342 3280 iussit
356 3226 387 3279 et
400 3219 457 3280 hoc
471 3218 560 3279 vitam
575 3217 648 3280 dixit
661 3218 770 3280 habere
785 3215 893 3292 offoc'
956 3265 959 3272 ⁴

616 3324 632 3362 Ι

47 3383 66 3434 b
162 3384 167 3467 Ι
188 3386 272 3447 ‘nihil
287 3396 332 3448 est
347 3387 501 3448 hominum
515 3387 616 3466 inepta
631 3387 825 3467 persuasione
841 3386 942 3449 falsius
957 3404 1014 3448 nec
1028 3387 1095 3448 ficta
1110 3405 1157 3448 se·

81 3470 201 3532 veritate
216 3470 357 3550 ineptius'

610 3574 629 3609 4

31 3617 67 3669 ιθ
162 3622 242 3698 lhac
253 3623 468 3686 declamatione
479 3625 562 3686 finita
574 3623 682 3686 Gitona
693 3643 767 3686 voco
778 3633 809 3684 et
824 3628 922 3686 ‘narra
936 3622 1017 3686 mihi’
1032 3623 1155 3702 iuquam
1180 3619 1241 3684 133
1346 3702 1348 3706 .

81 3707 189 3783 frater,
201 3707 253 3770 sed
265 3716 315 3770 tua
327 3711 400 3772 fide:
412 3729 446 3770 ea
457 3718 555 3786 nocte,
569 3728 626 3788 qua
637 3717 666 3770 te
674 3709 745 3769 mihi
753 3709 887 3790 Ascyltos
899 3707 1049 3783 subduxit,
1061 3725 1156 3790 usque

164 3863 353 3915 coaeternam.
365 3859 387 3910 L
400 3858 410 3930 ΙΙ
423 3862 478 3914 28s
497 3861 588 3913 ectatis
598 3859 733 3912 constricta
747 3858 811 3909 libre*
820 3858 963 3924 pfm'qoel
977 3861 1009 3912 33
1019 3859 1091 3926 petat
1098 3857 1111 3942 ss
1123 3859 1156 3914 at

80 3926 169 3982 doctus
186 3929 311 3997 Epicurus
329 3930 356 3980 in
373 3933 426 3981 arte
444 3875 495 3980 „J
502 3943 559 3981 arce
572 3929 583 3997 11
596 3931 627 3981 35
646 3928 712 3980 hanc
729 3927 810 3979 vitam
827 3929 854 3977 et
870 3925 1019 4048 &opliba
1032 3926 1156 3994 pleraque
