2768 4480
460 171 768 226 urecolouuuwsts
1091 168 1151 229 229

232 345 344 406 detinet
359 345 487 406 intentas
502 353 591 404 cantu
603 343 737 422 fallitque
752 342 894 406 laborem.

232 429 363 508 dumque
379 429 466 490 nimis
481 428 622 490 citharam
638 429 827 507 fraternaque
843 429 973 490 carmina
988 429 1115 503 laudant,

232 514 300 594 plus
311 514 397 576 solito
413 532 520 575 nevere
534 532 641 576 manus
655 514 842 593 humanaque
855 515 915 576 lata

232 599 380 661 laudatum
394 598 578 660 transcendit
593 617 678 677 opus.
708 604 756 660 ‘ne
771 598 889 675 demite,
906 599 1025 660 Parcae'

232 683 369 746 Phoebus
383 684 423 744 ait
437 684 544 745 ‘vincat
557 683 688 745 mortalis
702 692 835 763 tempora
850 684 925 744 vitae

233 769 281 830 ille
295 769 367 830 mibi
382 767 580 830 similis‘vultu
595 768 756 848 similisque
772 770 879 830 decore

234 873 290 916 nec
305 862 392 916 cantu
410 872 466 914 nec
481 873 552 915 voce
567 854 675 916 minor.
704 854 800 916 felicia
816 854 897 916 lassis

232 939 347 1000 saecula
362 939 523 1018 praestabit
536 939 695 1018 legumque
709 939 825 1000 silentia
839 949 965 1019 rumpet.

234 1024 328 1103 qualis
342 1024 503 1086 discutiens
517 1025 660 1103 fugientia
676 1024 794 1086 Lucifer
807 1032 885 1086 astra

232 1118 282 1170 aut
297 1109 391 1188 qualis
405 1109 499 1188 surgit
513 1109 706 1172 redeuntibus
721 1110 871 1189 Hesperus
886 1110 980 1184 astris,

233 1195 328 1273 qualis
342 1213 409 1256 cum
426 1194 555 1275 primurn
569 1194 702 1258 tenebris
717 1196 830 1257 durora
846 1194 949 1258 solutis

234 1279 350 1340 induxit
363 1279 528 1343 rubicunda
541 1280 628 1356 diem,
645 1280 696 1342 Sol
711 1280 814 1361 aspicit
828 1279 929 1342 orbem

234 1364 349 1427 lucidus
363 1374 393 1428 et
407 1366 520 1445 primos
534 1385 551 1426 a
566 1383 686 1428 carcere
701 1366 831 1427 concitat
845 1385 927 1427 axes:

238 1450 304 1512 talis
318 1450 425 1512 Caesar
439 1451 529 1525 adest,
545 1451 632 1511 talem
648 1451 704 1512 iam
720 1451 814 1512 Roma
828 1452 976 1511 Neronem

28 1549 56 1599 15
234 1535 363 1614 aspiciet
393 1536 496 1614 flagrat
511 1535 621 1598 nitidus
635 1536 750 1614 fulgore
765 1535 888 1598 remisso

234 1621 331 1682 vultus
346 1629 374 1681 et
389 1621 492 1682 adluso
507 1620 604 1682 cervix
619 1621 748 1682 formosa
762 1619 888 1700 capillo!

82 1710 157 1770 baec
172 1705 287 1786 Apollo.
317 1713 345 1768 at
360 1705 507 1780 Lachesis,
522 1724 598 1784 quac
614 1714 642 1766 et
661 1706 722 1784 ipsa
744 1705 857 1766 homini
880 1703 1091 1766 formosissimo
1114 1702 1127 1760 l
1143 1733 1156 1744 -

83 1801 184 1868 reret,
208 1791 278 1852 lecit
293 1790 384 1868 [illud]
399 1791 487 1871 plena
503 1809 610 1865 manu,
634 1798 663 1851 et
676 1791 786 1853 Neroni
803 1791 912 1853 multos
927 1807 1023 1850 annos
1045 1787 1081 1848 de
1103 1804 1157 1847 suo

83 1880 185 1940 donat.
216 1876 367 1938 Claudium
384 1883 479 1937 antem
496 1876 599 1937 iubent
615 1894 719 1937 omnes

31 1977 60 2028 lo
233 1964 420 2047 χαίροντας,
437 1951 667 2047 εὐφημοῦντας
683 1955 865 2042 ἐκπέμπειν
885 1955 1005 2040 δόμων.

86 2057 116 2111 et
131 2047 180 2108 ille
196 2046 315 2124 quidem
331 2047 456 2108 animem
473 2047 601 2120 ebulliit,
618 2055 697 2110 etex
713 2065 749 2108 co
764 2045 849 2108 desiit
863 2046 961 2108 rivere
975 2043 1077 2104 videri.
1107 2061 1158 2103 ex-

85 2133 194 2215 piravit
207 2140 304 2193 autem
319 2131 389 2192 dum
405 2132 564 2194 comoedos
579 2132 667 2208 audit,
683 2141 716 2194 ut
736 2131 810 2194 scias
831 2149 879 2192 me
902 2149 963 2191 non
985 2130 1049 2191 sine
1072 2144 1158 2188 causa

87 2220 155 2280 illos
169 2218 283 2278 timere.
313 2216 414 2278 ultima
429 2236 485 2277 vox
502 2217 565 2278 eius
579 2217 652 2278 baec
666 2217 743 2280 inter
757 2217 894 2278 homines
908 2215 1006 2276 audita
1021 2222 1074 2287 est,
1090 2229 1159 2272 cum

86 2304 229 2367 maiorem
244 2301 373 2364 sonitum
397 2303 540 2364 emisisset
562 2301 608 2362 illa
631 2309 728 2381 parte,
753 2319 809 2380 qua
831 2299 945 2361 facilius
966 2297 1158 2378 loquebatur:

32 2405 61 2454 25
85 2397 148 2450 ‘vae
163 2406 221 2463 me,
236 2395 324 2466 puto,
340 2387 495 2448 concacavi
510 2386 577 2448 me’.
614 2386 693 2466 qnod
716 2405 752 2447 an
777 2386 896 2458 feccrit,
919 2384 1036 2446 nescio:
1061 2381 1160 2443 omnie

86 2483 169 2536 certe
184 2473 363 2534 concacavit.
1220 2473 1222 2478 ’

175 2558 296 2637 quaein
318 2559 406 2620 terris
427 2565 529 2637 postea
551 2556 611 2618 sint
633 2564 711 2632 acta,
734 2571 950 2636 supervacuum
973 2561 1016 2616 est
1038 2552 1159 2613 referre.
1184 2553 1202 2612 5

86 2640 169 2706 scitis
192 2643 271 2704 enirn
294 2643 422 2723 optime,
446 2661 502 2704 nec
523 2642 689 2722 periculum
711 2651 756 2704 cst
779 2661 816 2703 ne
839 2639 974 2702 excidant
1001 2637 1160 2699 memoriae

88 2747 165 2808 qnae
180 2728 319 2808 gaudium
334 2727 486 2809 publicum
502 2727 699 2808 impresserit:
723 2747 810 2789 nemo
827 2725 975 2788 felicitatis
993 2741 1064 2786 suae
1085 2722 1160 2786 obli-

35 2827 64 2878 30
86 2813 217 2876 viscitur.
247 2813 277 2874 in
295 2814 376 2875 caclo
392 2833 468 2894 quae
484 2823 546 2876 acta
567 2815 642 2885 sint,
665 2813 777 2874 audite:
800 2812 873 2874 tides
895 2829 988 2891 penes
1009 2817 1161 2870 auctorem

89 2900 156 2962 erit.
193 2899 348 2960 nuntiatur
363 2899 422 2960 loti
437 2899 553 2960 venisse
569 2898 717 2977 quendam
732 2897 829 2958 bonae
844 2903 990 2969 staturae,
1012 2894 1089 2956 bene
1112 2912 1159 2955 ca·

90 3003 179 3061 num;
196 2984 297 3046 nescio
314 2984 384 3062 quid
398 2984 480 3045 illum
497 2983 612 3056 minari,
628 2982 744 3044 assidue
759 2981 839 3042 enim
854 2988 943 3058 eaput
956 2997 1090 3053 movere;
1108 2996 1161 3056 pe-

89 3072 158 3151 dem
168 3070 441 3130 dextrumtrabere.
467 3067 617 3147 quaesisse
628 3084 670 3141 se,
686 3067 769 3128 cuius
784 3064 913 3128 nationis
927 3072 1019 3126 esset:
1035 3080 1161 3142 respon·

89 3156 168 3218 disse
184 3155 284 3216 nescio
301 3155 370 3233 quid
386 3154 559 3235 perturbato
574 3171 649 3214 sono
666 3160 695 3214 et
709 3170 781 3214 voce
800 3151 939 3226 conlusa;
962 3167 1023 3210 non
1046 3147 1161 3209 intelle-

37 3254 65 3302 35
88 3259 160 3320 gere
174 3259 206 3302 se
223 3240 354 3318 lingnam
369 3241 442 3315 cius,
459 3258 516 3302 nec
527 3239 672 3299 Graecum
684 3256 748 3299 esse
761 3254 816 3305 nec
828 3235 995 3296 Romanum
1008 3250 1064 3294 nec
1075 3232 1162 3294 ullius

89 3325 188 3405 gentis
203 3333 300 3386 notae.
330 3333 393 3386 tum
408 3324 544 3405 luppiter
558 3322 733 3397 Herculem,
755 3321 806 3401 qui
820 3329 917 3381 totum
940 3317 1045 3380 orbem
1066 3325 1161 3378 terra·

90 3429 158 3474 rum
173 3417 376 3488 pererraverat
390 3419 419 3470 ct
435 3428 523 3471 nosse
542 3407 696 3469 videbatur
718 3426 822 3468 omnes
845 3405 995 3478 nationes,
1017 3402 1098 3464 iubet
1118 3402 1162 3462 ire

90 3504 121 3557 ot
133 3492 295 3572 explorare,
308 3493 601 3570 quorumhominum
613 3502 699 3555 esset.
721 3502 784 3554 tum
794 3491 938 3552 Hercules
950 3489 1047 3569 primo
1059 3505 1162 3568 aspec-

91 3592 124 3643 tu
140 3595 211 3641 sane
226 3577 418 3656 perturbatus
432 3586 485 3652 est,
500 3589 533 3640 ut
549 3579 597 3658 qui
614 3578 701 3639 etiam
718 3596 779 3639 non
802 3577 899 3638 omnia
920 3582 1054 3636 monstra
1073 3572 1163 3633 timu·

38 3679 69 3729 to
91 3666 155 3727 erit.
192 3671 225 3725 ut
239 3660 310 3723 vidit
325 3663 393 3724 novi
415 3664 533 3741 generis
555 3663 676 3738 laciem,
700 3661 851 3724 insolitum
873 3662 1038 3732 incessum,
1060 3674 1162 3718 vocem

94 3825 161 3870 tasse
177 3817 241 3869 uitta
260 3829 338 3868 canos
377 3816 406 3868 19
424 3813 540 3865 homines
559 3813 733 3864 Mommsenus
747 3811 801 3881 11Ἇο
819 3825 973 3880 χαιρονταιε
990 3823 1165 3877 sepeponere

93 3887 164 3939 unde
180 3889 319 3953 χαίροντες
334 3881 516 3953 ενφημαῦντα
535 3881 678 3946 Teuffelius
695 3881 704 3948 ΙΙ
723 3883 755 3935 28
774 3896 839 3949 qnae
863 3879 999 3932 memoriae
1018 3877 1139 3946 gandium
1156 3874 1167 3939 ll

94 3955 126 4008 39
144 3969 195 4006 non
214 3955 307 4017 omnia]
326 3967 391 4007 nova
413 3951 526 4003 Orellius
543 3951 653 4018 (addens
670 3953 751 4002 etlam
769 3949 882 4016 iunonia)
