2772 4476
205 217 246 276 18
665 218 819 275 rapuerat

207 397 337 458 lroutem
356 393 490 456 sudantis
511 393 625 458 acaciae
645 393 715 468 rivi,
742 402 773 455 et
787 394 870 458 inter
888 411 977 472 rugas
996 393 1139 456 malarum
1159 399 1317 456 tautumb

149 480 191 540 24
209 488 273 544 erat
286 487 399 554 cretae,
419 487 453 540 ut
467 489 587 559 putares
602 479 749 542 detectum
765 479 908 558 parietem
922 478 1024 542 nimbo
1039 478 1183 542 laborare.
1214 487 1276 542 nou

209 565 292 629 temu
307 583 363 644 ego
376 564 488 626 diutius
507 564 657 638 lacrimas,
678 563 729 626 sed
744 564 780 624 ad
800 562 933 626 ultimam
952 564 1114 645 perductus
1127 564 1279 626 tristitiam·

209 649 338 731 ‘quaeso'
349 649 472 729 inquam
482 649 619 723 ‘domina
630 657 712 712 certe
722 649 941 713 embasicoetan
953 649 1080 712 iusseras
1091 649 1173 710 dari'.
1196 667 1278 712 com-

208 736 298 818 plosit
318 735 367 796 illa
381 735 513 795 tenemus
533 752 638 795 manus
658 742 687 795 et
707 734 744 794 ‘o’
759 734 857 814 inquit
870 734 1030 795 ‘hominem
1051 742 1169 796 acutum
1190 743 1311 814 atquea

209 819 386 883 urbanitatis
395 819 570 881 vernaculae
584 819 708 883 fontem.
737 817 833 898 quid?
845 828 880 880 tu
894 839 956 883 non
968 819 1164 894 intellexeras,
1179 819 1280 880 cinae·
1375 849 1376 896 ;

210 907 281 968 dum
295 904 511 966 embasicoetan
527 902 656 966 vocari‘i'
692 904 799 966 deinde
819 912 854 968 ut
872 905 1079 966 contubernali
1093 923 1160 966 meo
1175 904 1281 966 melius

210 991 397 1064 succederet,
420 994 484 1069 ‘per
506 989 603 1052 lldsm'
625 990 747 1068 iuquam
765 994 916 1062 uestram,
936 989 1073 1069 *Ascyltos
1095 991 1125 1051 in
1148 990 1205 1052 hoc
1226 990 1281 1050 tri-

211 1077 300 1139 clinio
315 1076 396 1138 solus
410 1075 498 1136 lorias
512 1072 604 1155 agit‘l'
634 1073 692 1136 ‘ita’
713 1074 811 1154 iuquit
826 1075 967 1146 Quartilla
990 1081 1034 1138 ‘et
1047 1075 1165 1155 Ascylto
1180 1074 1281 1136 emba-

211 1162 336 1224 sicoetas
350 1159 455 1222 detur'.
485 1160 521 1222 ab
537 1161 592 1220 hac
603 1178 676 1221 voce
687 1178 797 1240 equum
806 1160 948 1222 cinaedus
958 1161 1081 1222 mutarit
1093 1161 1282 1240 transituque
1298 1167 1326 1218 te

212 1246 248 1308 ad
262 1245 401 1308 comitem
414 1262 514 1307 meum
529 1246 606 1306 lacto
630 1245 768 1306 clunibus
790 1261 858 1306 eum
879 1245 1027 1325 basiisque
1043 1245 1177 1308 distrivit
1197 1248 1202 1322 1
1222 1255 1282 1306 sta·
1299 1249 1343 1300 Lo

210 1333 261 1392 bat
275 1332 355 1392 iuter
368 1331 441 1392 haec
455 1330 544 1392 Giton
566 1338 596 1391 et
614 1329 677 1393 risu
692 1330 868 1392 dissolvebat
886 1331 934 1391 ilia
957 1349 1018 1392 sua.
1048 1331 1147 1409 itaque
1161 1331 1282 1409 conspi-

212 1425 275 1478 cata
290 1434 358 1478 euru
373 1415 529 1490 Quartilla,
545 1415 630 1477 euius
644 1425 722 1478 esset
737 1433 827 1495 puer,
845 1415 1068 1494 diligentissima
1082 1415 1283 1478 sciscitatione

212 1501 362 1581 quaesivit
391 1518 459 1561 oum
482 1520 536 1580 ego
557 1501 679 1562 fratrem
699 1518 798 1562 meum
818 1519 882 1564 esse
902 1501 1055 1573 dixissem,
1078 1505 1180 1580 ‘quare
1202 1499 1283 1580 ergo’

213 1586 311 1667 inquit
332 1589 388 1648 ‘me
410 1605 471 1647 non
487 1583 639 1651 basiavitt'
668 1597 863 1664 vocatumque
883 1586 919 1646 ad
941 1605 973 1648 se
992 1587 1023 1648 in
1040 1585 1174 1647 osculum
1190 1586 1284 1664 appli·
1303 1593 1331 1644 ts

215 1673 284 1734 cuit.
313 1690 383 1732 mox
397 1689 516 1732 manum
533 1672 619 1732 etiam
636 1671 752 1734 demisit
766 1671 798 1732 in
813 1671 911 1734 sinum
930 1680 959 1732 et
974 1678 1153 1750 pertrectato
1167 1670 1284 1732 vasculo

216 1841 366 1916 militabit3
381 1841 468 1902 hodie
484 1842 564 1901 enim
579 1850 647 1921 post
661 1841 784 1902 asellum
798 1841 889 1902 diaria
905 1861 965 1902 non
982 1839 1086 1902 sauro!

158 1921 199 1981 25
302 1926 457 1986 cumliaco
473 1925 599 1999 diceret,
614 1926 650 1985 ad
666 1943 768 1986 aurem
784 1925 847 1988 eius
861 1925 974 2006 Psyche
990 1927 1092 1988 ridens
1106 1925 1242 1998 accessit,
1258 1935 1288 1986 et

217 2029 286 2072 cum
300 2010 419 2072 dixisset
440 2010 541 2072 nescio
557 2009 638 2088 quid,
653 2009 718 2082 ‘ita,
740 2010 789 2070 ita’
804 2010 902 2089 inquit
916 2011 1058 2082 Quartilla
1076 2011 1164 2072 ‘bene
1186 2011 1287 2072 admo·
1305 2021 1334 2070 tc

217 2095 317 2158 nuisti.
346 2113 401 2156 cur
415 2113 493 2168 non,
515 2094 584 2173 quia
599 2095 757 2156 bellissima
779 2095 894 2157 occasio
909 2103 969 2168 est,
993 2095 1194 2175 dcairginatur
1210 2095 1288 2156 Pan·

218 2181 321 2261 nychis
343 2177 476 2242 nostra‘l'
504 2181 708 2258 continuoque
728 2180 871 2259 producta
893 2190 937 2243 est
958 2181 1055 2261 puella
1077 2181 1147 2244 satis
1167 2180 1243 2244 bella
1258 2189 1290 2240 et
1370 2202 1375 2248 ι

218 2283 293 2346 quae
308 2284 370 2327 non
385 2265 453 2346 plus
468 2283 557 2344 quam
570 2273 685 2345 septem
698 2284 794 2328 anuos
805 2266 915 2328 habere
929 2267 1091 2341 videbatur,
1107 2262 1161 2350 [et]
1176 2285 1210 2328 ea
1225 2265 1290 2344 ipsa

219 2369 294 2430 quae
313 2351 443 2432 primum
465 2369 533 2412 cum
555 2351 699 2422 Quartilla
720 2352 752 2413 in
775 2353 879 2414 cellam
893 2360 1014 2416 venerat
1034 2360 1176 2414 uestram.
1205 2351 1289 2431 plau-

219 2435 358 2499 dentibus
379 2455 450 2516 ergo
466 2437 611 2499 universis
632 2447 662 2498 et
680 2437 900 2516 postulantibus
921 2438 1040 2518 nuptias
1061 2433 1220 2520 [lecerunt]
1237 2436 1290 2497 ob·
1309 2446 1338 2496 ta

219 2521 319 2600 stupui
341 2540 396 2600 ego
420 2529 449 2582 et
470 2539 527 2582 nec
548 2521 672 2595 Gitona,
693 2522 975 2584 verecundissimum
990 2539 1132 2602 puerum,
1154 2522 1292 2583 sulficere

218 2607 289 2667 huic
302 2605 483 2684 petulantiae
498 2605 655 2678 affirmavi,
674 2623 730 2666 nec
744 2605 873 2684 puellam
888 2607 951 2668 eius
965 2606 1067 2668 aetatis
1082 2625 1161 2680 esse,
1176 2615 1211 2667 ut
1224 2625 1291 2668 mu-

220 2690 321 2751 liebris
343 2689 500 2769 patientiae
526 2689 622 2768 legem
647 2697 748 2768 posset
767 2690 911 2770 accipere.
947 2691 1005 2751 ‘ita'
1031 2691 1129 2770 inquit
1149 2691 1292 2762 Quartilla

221 2775 330 2836 ‘minor
344 2784 389 2836 est
402 2775 472 2848 ista,
494 2792 582 2853 quam
598 2793 653 2854 ego
676 2774 733 2850 lui,
754 2793 822 2836 cum
844 2775 973 2855 primum
994 2775 1088 2838 virum
1104 2795 1189 2856 passa
1204 2774 1292 2838 sum?

218 2861 367 2922 lunonem
381 2877 476 2920 meam
497 2859 601 2920 iratam
615 2858 755 2934 habeam,
774 2860 798 2922 si
818 2877 950 2940 unquam
970 2879 1018 2922 mc
1033 2861 1220 2924 meminerim
1233 2862 1293 2922 vir-
1310 2870 1340 2920 aa

221 2947 321 3025 ginem
335 2944 435 3006 luisse.
466 2963 535 3004 nam
550 2953 579 3004 et
592 2945 692 3007 iulans
707 2962 774 3005 cum
790 2946 911 3026 paribus
926 2945 1067 3006 inclinata
1081 2963 1156 3021 sum,
1175 2956 1204 3008 et
1218 2946 1292 3009 suh-

220 3031 290 3092 inde
306 3029 539 3111 procedentibus
561 3030 647 3092 aunis
668 3030 831 3092 maioribus
850 3048 898 3092 me
912 3031 1013 3110 pueris
1028 3030 1173 3110 applicui,
1195 3031 1294 3093 donec

221 3117 256 3178 ad
275 3118 353 3177 hanc
374 3123 499 3178 aetatem
520 3115 651 3196 perveni.
680 3115 751 3176 hinc
775 3115 862 3179 etiam
881 3123 955 3196 puto
976 3115 1166 3194 proverbium
1189 3126 1295 3177 natum

220 3201 308 3276 illud,
331 3197 376 3284 [ut
391 3197 515 3284 dicatur]
531 3219 618 3280 posse
638 3208 756 3262 taurum
776 3200 896 3274 tollere,
918 3199 969 3278 qui
983 3200 1107 3260 vitulum
1122 3198 1295 3262 sustulerit!

222 3286 311 3366 igitur
326 3305 365 3347 ne
379 3287 521 3348 maiorem
535 3286 673 3347 iniuriam
695 3286 727 3346 in
742 3293 858 3348 secreto
873 3287 964 3346 frater
979 3285 1142 3364 acciperet,
1166 3302 1293 3346 consur·
1311 3294 1341 3344 35

161 3366 205 3429 26
222 3372 284 3432 rexi
305 3371 341 3432 ad
363 3371 492 3434 officium
513 3371 654 3451 nuptiale.
684 3370 742 3444 iam
756 3370 870 3450 Psyche
890 3369 1007 3450 puellae
1028 3377 1118 3450 caput
1132 3369 1295 3432 involverat

222 3457 374 3532 llammeo,
395 3456 453 3518 iam
471 3456 682 3518 embasicoetas
696 3454 881 3535 praelerebat
902 3457 1012 3530 lacem,
1033 3456 1092 3523 iam
1113 3455 1212 3518 ebriae
1226 3473 1293 3516 mu-

222 3543 310 3604 lieres
330 3541 453 3622 longum
472 3561 578 3621 agmen
598 3542 774 3622 plaudentes
793 3542 926 3604 fecerant
947 3541 1167 3620 thabmumque
1181 3541 1294 3604 incesta

224 3637 445 3689 exornaverant
458 3637 554 3701 veste,
582 3645 649 3688 oum
672 3626 815 3698 Quartilla
837 3645 956 3708 quoque
982 3627 1142 3688 iocantium
1169 3625 1292 3688 libidine

309 3779 325 3829 6
339 3776 481 3846 vernulaell
494 3782 509 3828 'l
523 3780 561 3841 ut]
573 3791 606 3828 ne
620 3778 783 3846 Goldastuell
797 3780 830 3830 tt
843 3780 949 3830 venerat
960 3776 986 3827 in
998 3781 1112 3828 nostram
1124 3775 1216 3828 cellam
1227 3767 1294 3842 pars

224 3847 355 3896 morum
368 3845 420 3914 1131
445 3847 577 3913 inquinata
588 3845 598 3912 11
612 3848 644 3898 32
666 3845 852 3913 prodeuntibus
863 3845 873 3912 11
887 3848 920 3898 33
943 3853 1031 3896 notum
1049 3847 1112 3910 puto
1131 3841 1294 3910 proverbium

223 3912 288 3965 illud
306 3913 391 3964 codas
407 3913 596 3978 tangomenas
609 3914 706 3979 134ιι1
719 3915 885 3966 diceturnon
899 3918 939 3963 sat
951 3915 981 3961 in
995 3912 1017 3962 L
1029 3910 1039 3981 11
1054 3915 1085 3964 39
1099 3917 1153 3964 tum
1169 3913 1173 3979 1
1189 3925 1294 3978 quoque

226 3981 299 4046 qood
316 3980 367 4031 olii
384 3982 449 4034 libri
461 3988 523 4047 poet
540 3983 678 4034 iocantium
693 3998 809 4048 pomero
824 3980 1015 4047 accomodatum
1032 3981 1140 4031 emetur
1375 3979 1376 3994 ¹
