2772 4476
553 195 693 249 1111111
1118 197 1160 258 59

33 374 59 424 Ι,
77 369 163 430 inter
179 367 329 429 anhelitus
348 367 531 448 sudoresque
552 369 654 444 tritus,
676 370 755 449 quod
775 370 920 445 voluerat,
943 372 1070 452 accepit,
1092 391 1160 433 rur·

77 472 193 534 susque
209 453 240 514 in
256 471 392 514 somnum
408 453 503 514 decidi
518 453 624 533 gaudie
641 455 744 516 lassus.
782 455 958 536 interposita
972 456 1072 519 minus
1086 459 1160 520 hora

61 561 64 568 ¹
78 557 220 619 pungere
235 557 282 598 me
297 556 388 600 manu
403 539 501 619 coepit
522 548 551 600 et
566 539 681 600 dicere:
708 543 818 619 “quare
839 560 901 602 non
917 540 1081 603 lacimus‘l”
1096 551 1159 604 tum

78 643 137 702 ego
160 623 272 685 totiens
293 623 436 685 excitatus
458 625 545 703 plane
565 625 757 686 vehementer
778 626 922 688 excandui
943 634 972 688 et
993 627 1104 689 reddidi
1119 627 1160 689 illi

44 715 60 763 5
78 728 170 786 voces
185 727 269 770 suas:
288 711 357 771 “aut
371 709 476 783 dormi,
492 717 543 770 aut
557 727 612 788 ego
627 709 686 771 iam
700 711 776 790 patri
800 711 913 772 dieam”

413 835 416 842 ·
617 815 633 852 11

169 886 288 940 erectus
302 879 347 940 his
361 878 549 941 sermonibus
571 879 727 942 consulere
748 881 972 959 prudentiorem
989 881 1073 961 coepi
1177 885 1217 949 88

81 973 195 1028 aetates
210 963 377 1024 tabularum
388 971 418 1023 et
432 965 574 1042 quaedam
590 972 763 1044 argumenta
779 965 856 1034 ,mihi
872 965 996 1028 obscura
1012 967 1159 1047 simulque

82 1068 202 1112 causam
224 1049 350 1110 desidiae
376 1050 541 1128 praesentis
565 1058 719 1124 excutere,
747 1069 814 1112 oum
839 1052 1055 1131 pulcherrimae
1081 1062 1159 1114 artes

80 1135 247 1217 perissent,
269 1134 349 1195 inter
363 1152 436 1212 quas
451 1135 567 1213 pictura
585 1153 621 1197 ne
637 1135 793 1197 minimum
808 1137 927 1216 quidem
943 1137 989 1199 sui
1003 1137 1157 1217 vestigium

34 1224 63 1274 10
80 1219 262 1299 reliquisset.
300 1227 362 1280 tum
389 1218 437 1279 ille
464 1220 627 1299 ‘pecuniae’
649 1220 748 1300 inquit
774 1221 927 1302 ‘cupiditas
949 1223 1022 1284 haec
1043 1224 1158 1303 tropica

12 1305 63 1356 Lo
81 1305 219 1368 instituit.
255 1300 388 1384 {priscis
414 1305 495 1366 enim
519 1305 720 1386 temporibus,
747 1325 815 1368 oum
841 1307 936 1370 adhuc
962 1308 1041 1369 nuda
1066 1309 1159 1371 virtus

80 1391 230 1472 placeret,
251 1387 390 1468 rigebant
411 1397 489 1452 artes
510 1391 658 1469 ingenuae
679 1408 885 1470 summumque
908 1400 1057 1454 certamen
1080 1394 1160 1456 inter

79 1476 220 1538 homines
243 1483 319 1549 erat,
344 1474 466 1552 nequid
489 1476 680 1554 profuturum
702 1476 826 1538 saeculis
841 1477 891 1539 diu
905 1477 1018 1540 lateret.
1059 1480 1158 1559 itaque

81 1561 246 1623 herbarum
268 1559 401 1620 omnium
422 1577 510 1622 sucos
525 1561 710 1623 Democritus
733 1562 891 1641 expressit,
915 1571 945 1624 et
966 1581 1005 1623 ne
1027 1563 1157 1644 lapidum

38 1648 65 1698 15
81 1647 339 1727 virgultorumque
351 1644 393 1706 vis
403 1644 517 1720 lateret,
529 1654 651 1708 aetatem
664 1646 742 1708 inter
753 1647 953 1727 experimenta
964 1649 1157 1729 consumpsit.

82 1731 225 1793 Eudoxos
240 1725 384 1814 [quidem]
399 1729 430 1790 in
447 1731 599 1792 cacumine
614 1732 804 1794 excelsissimi
820 1732 934 1794 montis·
942 1736 1109 1808 consenuit,
1125 1742 1159 1795 ut

83 1825 234 1880 astrorum
256 1815 388 1894 caelique
402 1824 502 1877 motus
523 1817 772 1897 deprehenderet,
796 1825 826 1878 et
848 1816 1045 1898 Chrysippus,
1067 1827 1101 1880 ut
1122 1819 1158 1879 ad

83 1902 289 1964 inventionem
303 1901 467 1974 sufficeret,
490 1909 535 1962 ter
549 1901 681 1963 elleboro
696 1903 826 1964 animum
841 1903 971 1964 detersit.
1008 1923 1110 1966 verum
1125 1913 1159 1966 ut

82 1988 119 2049 ad
135 1987 244 2068 plastas
260 1993 426 2059 convertar,
444 1985 606 2066 Lysippum
621 1995 734 2049 statuae
749 1988 839 2051 unius
854 1989 1041 2050 lineamentis
1054 1990 1158 2052 inhae-

40 2073 200 2134 torentem
216 2070 316 2150 inopia
339 2071 477 2147 extinxit,
501 2080 530 2133 et
544 2071 666 2152 Myron,
689 2074 740 2152 qui
762 2092 856 2153 paene
873 2074 987 2135 animas
1001 2074 1157 2137 hominum

81 2161 273 2236 terarumque
289 2174 356 2217 aere
372 2157 653 2236 comprehenderat,
676 2177 738 2219 non
754 2159 866 2220 invenit
881 2159 1030 2220 heredem.
1060 2168 1089 2221 at
1103 2179 1159 2222 nos

79 2243 152 2304 rino
174 2242 339 2320 scortisque
362 2240 488 2302 demersi
510 2259 549 2302 ne
571 2251 686 2322 paratas
709 2243 827 2322 quidem
850 2251 928 2305 artes
950 2245 1092 2306 audemus
1107 2263 1158 2306 oo-

81 2345 245 2408 gnoscere,
268 2326 320 2388 sed
341 2333 527 2389 accusatores
550 2328 731 2406 antiquitatis
752 2327 818 2388 vitia
841 2335 956 2389 tautum
972 2329 1114 2390 docemus
1129 2337 1159 2390 et
1259 2342 1262 2348 ·

81 2414 232 2476 discimus.
269 2410 320 2473 nbi
343 2420 387 2472 est
409 2410 580 2472 dialectica?
610 2413 661 2473 ubi
683 2410 886 2474 astronomia?
923 2411 974 2474 uhi
996 2414 1157 2494 sapientiae

39 2497 65 2548 25
81 2499 243 2562 cultissima
264 2494 330 2556 rial
353 2496 419 2575 quis
440 2514 573 2576 unquam
596 2498 676 2559 venit
697 2499 727 2558 in
752 2498 895 2578 templum
918 2506 948 2558 et
961 2507 1061 2559 votum
1078 2499 1156 2575 feeit,

81 2586 108 2648 si
123 2585 159 2646 ad
174 2582 373 2662 eloquentiam
396 2580 598 2661 pervenisset?
622 2584 703 2662 quis,
726 2583 749 2644 si
765 2583 968 2663 philosophiae
982 2583 1097 2646 lentem
1114 2592 1158 2646 at-

78 2666 216 2750 tigisset?
239 2686 272 2728 ac
295 2684 333 2727 ne
356 2665 466 2728 honam
489 2666 608 2746 quidem
633 2676 763 2729 mentem
778 2677 828 2730 aut
842 2668 951 2730 bonam
967 2669 1156 2732 rahtudinem

78 2761 205 2836 petunt,
228 2753 280 2814 sed
301 2751 401 2813 statim
423 2759 581 2830 antequam
603 2753 693 2814 limen
710 2752 843 2834 Capitolii
858 2751 991 2832 tangant,
1015 2755 1088 2818 alius
1103 2755 1155 2817 do-

79 2851 157 2902 num
172 2837 326 2918 promittit,
341 2837 366 2897 si
381 2837 584 2916 propinquum
599 2838 717 2900 divitem
733 2839 884 2914 extulerit,
900 2839 982 2916 alius,
998 2839 1022 2901 si
1037 2841 1156 2902 thesau-

38 2921 63 2973 31
78 2943 151 2986 rum
167 2921 308 2998 effoderit,
325 2921 407 2996 alius,
423 2921 447 2982 si
463 2921 498 2982 ad
514 2923 673 2986 trecenties
684 2924 850 2985 sestertium
868 2923 963 2986 salvus
977 2926 1155 3004 pervenerit.

77 3012 146 3092 ipse
168 3015 301 3082 senatus,
323 3007 397 3067 recti
419 3006 551 3086 bonique
565 3015 756 3088 praeceptor,
780 3009 859 3070 mille
877 3010 978 3087 pondo
993 3011 1056 3070 auri
1071 3009 1155 3089 Capi-

77 3095 153 3156 tolio
176 3092 349 3174 promittere
371 3091 461 3167 solet,
484 3101 513 3152 et
536 3111 573 3154 ne
596 3094 662 3173 quis
684 3093 797 3156 dubitet
818 3094 975 3174 pecuniam
998 3094 1156 3174 eoncupis-

78 3199 165 3254 cem,
189 3178 287 3239 lovem
310 3195 428 3256 quoque
443 3177 560 3256 peculio
576 3187 708 3240 exornat.
745 3179 806 3242 noli
829 3197 907 3258 ergo
921 3178 1030 3253 mirari,
1053 3179 1077 3240 si
1092 3178 1155 3259 pic-

79 3275 146 3327 tura
161 3263 278 3338 delecit,
294 3281 362 3323 cum
377 3261 516 3324 omnibus
534 3263 589 3326 diis
603 3265 832 3343 hominibusque
848 3262 1009 3324 formosior
1022 3263 1156 3325 videatur

38 3355 64 3405 35
79 3369 176 3412 massa
201 3349 282 3422 auri,
309 3365 396 3426 quam
423 3347 563 3428 quicquid
585 3349 702 3430 Apelles
724 3348 914 3428 Phidiasque,
942 3347 1078 3410 Graeculi
1104 3349 1155 3411 de-

79 3436 217 3510 lirantes,
242 3435 386 3494 lecerunt.
432 3433 482 3494 sed
505 3433 589 3496 rideo
613 3443 642 3495 te
668 3442 762 3497 totum
785 3433 816 3494 in
839 3434 887 3496 illa
907 3435 1029 3496 haerere
1047 3434 1155 3511 tabula,
1173 3435 1214 3497 89

80 3539 156 3601 quae
182 3519 289 3581 Troiae
314 3518 430 3579 halosin
456 3520 594 3581 ostendit.
635 3521 734 3599 itaque
760 3519 894 3581 conabor
919 3539 994 3600 opus
1022 3519 1155 3581 versibus

77 3607 225 3688 pandere:
761 3641 765 3648 ‚

167 3759 198 3808 13
216 3755 304 3874 itepne
321 3753 425 3808 hercula
442 3753 577 3807 herbarum
591 3755 612 3806 0
629 3753 638 3820 ΙΙ
657 3757 688 3807 16
706 3753 810 3821 quidem
827 3769 878 3806 ona.
889 3753 1033 3818 florilegio,
1051 3767 1155 3820 quoque

80 3829 155 3876 netru
172 3839 247 3874 maen
267 3827 328 3875 ator
344 3821 353 3886 ΙΙ
378 3825 409 3875 19
426 3825 539 3873 reverter
558 3823 579 3874 0
601 3821 609 3890 11
632 3826 662 3874 11
683 3820 874 3889 comprehendit
894 3818 941 3886 0ss
964 3823 996 3873 25
1017 3821 1156 3874 consultis·

81 3892 144 3944 sima
161 3893 227 3944 libra·
243 3896 352 3958 praeter
367 3893 522 3943 Perennem
539 3890 650 3945 68121)
670 3889 674 3958 1
694 3890 799 3958 inquam
816 3889 941 3956 plerique
959 3889 1034 3954 libri,
1060 3887 1156 3943 dudum

80 3957 239 4028 1111111ςί111
254 3963 286 4013 83
305 3963 394 4012 exerat
