2772 4476
197 209 237 270 54
655 209 808 264 Paraorul

197 386 295 466 itaque
310 403 365 466 ego
380 393 413 446 ut
427 392 618 466 experrectus
640 384 815 464 pertractavi
834 383 940 464 gaudio
956 384 1148 464 despoliatum
1164 393 1271 446 torum
1292 391 1319 442 L
1385 370 1386 445 l

196 557 221 619 si
235 573 293 635 qua
308 564 353 617 est
367 555 533 616 amantibus
547 554 635 628 fides,
650 573 705 634 ego
722 553 867 628 dubitavi,
881 573 919 615 an
935 562 1095 634 utrumque
1109 554 1271 618 traicerem

194 640 290 720 gladio
315 658 511 719 somnumque
534 639 621 700 morti
644 639 808 719 fungerem.
844 639 936 701 tutius
956 639 1024 700 dein
1047 648 1165 702 secutus
1192 659 1275 702 con-.

194 726 291 789 silium
308 725 414 786 Gitona
430 725 547 804 quidem
563 724 736 786 verberibus
758 724 895 800 excitavi,
917 724 1056 804 Ascylton
1073 732 1170 787 autem
1187 727 1270 788 truci

194 813 315 873 intuens
328 811 410 871 vultu
432 809 591 889 ‘quoniam'
613 810 733 889 inquam
758 810 854 872 ‘fidem
869 810 981 871 scelere
1003 809 1116 871 violasti
1138 819 1168 871 et
1183 823 1314 884 com-a

193 914 315 958 munem
338 895 508 970 amicitiam,
530 914 578 957 res
600 904 665 957 tuas
686 895 769 957 ocius
791 895 861 957 tolle
882 903 911 956 et
933 895 1021 956 alium
1037 894 1152 968 locum,
1177 915 1270 974 quem

194 982 318 1063 polluas,
334 979 461 1059 quaere'.

279 1085 342 1127 non
357 1066 532 1145 repugnavit
543 1065 600 1140 ille,
616 1066 668 1127 sed
679 1073 837 1144 postquam
850 1065 959 1144 optima
975 1064 1032 1126 fide
1044 1065 1144 1144 partiti
1159 1083 1271 1129 manu-

136 1153 176 1216 80
194 1151 257 1214 bias
279 1168 397 1225 sumus,
421 1150 493 1231 ‘age’
515 1151 614 1229 inquit
635 1155 726 1212 ‘nunc
755 1158 784 1211 et
806 1168 932 1230 puerum
954 1150 1134 1212 dividamus’.
1172 1151 1268 1214 iocari

192 1235 333 1317 putabam
350 1235 560 1296 discedentem.
590 1243 620 1296 at
634 1235 682 1296 ille
705 1235 832 1315 gladium
847 1234 1014 1315 parricidali
1036 1254 1126 1297 manu
1148 1235 1269 1298 strinxit
1292 1247 1322 1298 to

193 1331 223 1384 et
238 1325 308 1383 ‘non
324 1320 442 1382 frueris’
458 1320 555 1400 inquit
577 1321 641 1381 ‘bac
655 1321 780 1401 pracda,
803 1338 995 1400 superquam
1012 1320 1093 1382 solus
1108 1321 1269 1384 incumbis.

193 1414 306 1488 partem
322 1423 416 1467 meam
439 1424 560 1467 neeesse
582 1415 628 1467 est
646 1405 693 1465 vel
707 1406 764 1467 hoc
779 1405 875 1486 gladio
897 1413 1085 1484 contemptus
1099 1405 1269 1469 abscidam’.

192 1493 271 1554 idem
292 1509 346 1570 ego
369 1510 405 1552 er
425 1491 515 1552 altera
536 1499 620 1572 parte
641 1491 698 1552 feei
719 1498 749 1552 et
768 1491 879 1552 intorto
901 1490 978 1551 circa
999 1490 1153 1552 brachium
1177 1492 1268 1571 pallio

193 1577 346 1658 composui
365 1577 399 1637 ad
422 1576 627 1656 proeliandum
654 1577 787 1656 gradum.
827 1576 906 1637 inter
919 1576 996 1637 hano
1017 1575 1193 1638 miserorum
1213 1579 1269 1639 de-

192 1663 331 1726 mentiam
346 1661 565 1724 infelicissimus
580 1680 655 1741 puer
669 1662 809 1742 tangebat
829 1661 985 1739 utriusque
1000 1679 1097 1740 genua
1111 1680 1180 1724 oum
1195 1663 1270 1724 fletu
1291 1674 1321 1725 15

191 1748 371 1829 petebatque
386 1747 573 1827 suppliciter,
597 1765 635 1808 ne
652 1747 825 1808 Thebanum
841 1764 895 1826 par
909 1745 1027 1807 humilis
1041 1746 1163 1807 taberna
1178 1766 1268 1827 spec·

193 1842 276 1906 taret,
293 1850 365 1894 nere
381 1832 526 1909 sanguine
542 1840 645 1893 mutuo
659 1830 860 1910 pollueremus
874 1829 1076 1892 familiaritatis
1087 1831 1268 1894 clarissimae

192 1934 283 1980 sacra.
313 1915 403 1994 ‘quod
415 1915 439 1976 si
451 1916 564 1994 utique'
579 1916 780 1996 proclamabat
789 1915 930 1976 ‘facinore
942 1933 1018 1995 opus
1029 1925 1082 1991 est,
1099 1917 1180 1978 nudo
1195 1936 1268 1980 ecce

191 2002 335 2081 iugulum,
351 2001 513 2061 convertite
527 2001 587 2061 buc
602 2017 723 2074 manus,
739 2000 898 2080 imprimite
912 2018 1082 2062 mucrones.
1118 2020 1173 2081 ego
1188 2004 1268 2065 mori

191 2087 302 2162 debeo,
325 2085 375 2165 qui
396 2085 539 2146 amicitiae
562 2093 778 2147 sacramentum
799 2085 910 2147 deleri’.
948 2084 1130 2149 inhibuimus
1152 2087 1269 2150 ferrum
1290 2100 1318 2151 ao

190 2180 259 2252 post
274 2173 325 2233 bas
346 2188 466 2250 proces,
488 2179 517 2232 et
537 2171 620 2250 prior
635 2170 767 2250 Ascyltos
782 2170 857 2250 ‘ego’
873 2171 970 2250 inquit
985 2172 1085 2232 ‘tinem
1101 2172 1265 2235 discordiae

190 2258 349 2338 imponam.
380 2274 455 2335 puer
472 2256 558 2336 ipse,
574 2275 662 2336 quem
678 2256 752 2331 vult,
775 2264 930 2335 sequatur,
953 2264 986 2317 ut
1007 2257 1045 2318 sit
1058 2256 1100 2319 illi
1114 2257 1218 2320 saltem
1233 2259 1265 2320 in

191 2343 329 2422 eligendo
343 2342 432 2402 fratrc
448 2337 548 2425 [salva]
564 2341 703 2404 libertas’.
733 2360 788 2422 ego
804 2343 856 2421 qui
866 2341 1091 2404 vetustissimam
1102 2352 1267 2406 consuetu-

190 2429 288 2491 dinem
304 2426 443 2508 putabam
460 2427 491 2488 in
507 2428 659 2507 sanguinis
674 2427 783 2506 pignus
797 2428 952 2502 transisse,
968 2427 1042 2488 nihil
1055 2427 1156 2502 timui,
1172 2429 1265 2491 immo

190 2514 396 2575 condicionem
409 2513 564 2592 praecipiti
575 2512 763 2584 festinatione
772 2512 856 2591 rapui
869 2511 1062 2591 commisique
1068 2512 1159 2574 iudici
1171 2513 1265 2576 litem.
1287 2526 1315 2576 25

190 2597 241 2676 qui
257 2617 297 2659 ne
311 2596 482 2658 deliberavit
497 2595 630 2674 quidem,
651 2605 685 2656 ut
698 2596 846 2658 videretur
861 2605 1033 2671 cunctatus,
1048 2616 1151 2659 verum
1166 2599 1264 2662 statim

189 2682 226 2743 ab
249 2690 378 2742 extrema
399 2687 484 2759 parte
504 2681 586 2741 verbi
607 2681 796 2742 consurrexit
815 2692 841 2742 et
863 2683 983 2743 fratrem
1004 2680 1143 2763 Ascylton
1166 2684 1263 2766 elegit

189 2766 362 2828 fulminatus
374 2766 428 2825 hac
439 2765 695 2844 pronuntiatione,
707 2766 749 2828 sio
762 2774 794 2828 ut
806 2784 893 2842 eram,
905 2767 1070 2846 sinegladio
1078 2769 1108 2829 in
1121 2769 1263 2832 lectulum

189 2851 294 2926 decidi,
306 2860 336 2912 et
345 2849 506 2911 attulissem
519 2849 590 2910 mibi
601 2849 757 2913 damnatus
767 2869 881 2927 manus,
893 2852 987 2914 sinon
999 2852 1112 2914 inimici
1124 2854 1262 2916 victoriae

113 2942 116 2951 '
188 2937 367 2999 invidissem.
404 2935 555 3014 egreditur
571 2935 719 3016 superbus
738 2955 805 2999 cum
829 2937 960 3016 praemio
975 2938 1156 3018 Ascyltoset
1173 2940 1262 3020 paulo
1286 2949 1314 3000 ot

189 3031 257 3084 ante
273 3022 456 3084 carissimum
476 3019 532 3082 sibi
551 3021 780 3083 commilitonem
798 3022 992 3102 fortunaeque
1015 3021 1102 3084 etiarn
1124 3024 1260 3086 similitu-

188 3108 258 3170 dine
272 3126 373 3189 parem
389 3106 419 3167 in
435 3105 501 3167 loco
517 3106 676 3186 peregrino
692 3106 824 3169 destituit
838 3107 993 3169 abiectum.

341 3192 346 3274 l
366 3209 476 3254 nomen
493 3190 635 3252 amicitiae
651 3192 702 3264 sie,
718 3199 864 3271 quatenus
879 3193 1005 3272 expedit,
1020 3193 1137 3270 baeret;
1268 3201 1313 3252 Lo

392 3276 521 3338 calculus
536 3276 567 3338 in
581 3275 680 3338 tabula
695 3277 803 3338 mobile
819 3277 899 3338 ducit
914 3296 998 3357 opus.

347 3378 414 3421 oum
430 3361 547 3422 fortuna
562 3370 671 3437 manet,
686 3361 799 3423 vultum
814 3361 944 3437 servatis,
959 3362 1061 3438 amici;
1285 3375 1313 3424 aa

393 3462 460 3505 cum
476 3446 590 3521 cecidit,
605 3447 685 3527 turpi
700 3446 812 3508 vertitis
827 3464 878 3507 ora
893 3449 970 3526 fuga.

339 3614 411 3677 grex
426 3597 530 3677 agitio
545 3616 651 3661 scaena
666 3600 805 3661 mimum:
821 3607 905 3678 pater
918 3601 967 3664 ille
982 3608 1111 3674 vocatur,

391 3682 469 3744 filius
484 3683 541 3759 hic,
558 3702 667 3746 nomen
683 3683 778 3747 divitis
793 3684 841 3747 ille
856 3694 948 3746 tenet.

266 3836 296 3884 to
313 3833 459 3898 simplicius
471 3835 534 3886 haec
546 3833 673 3886 dicentem
685 3834 694 3902 ll
708 3837 738 3887 ta
749 3839 884 3888 contentus
896 3833 1044 3887 abscindam
1078 3838 1110 3887 23
1123 3836 1194 3890 salva
1207 3852 1259 3890 om.

186 3900 379 3965 Scaliger-anua
390 3900 441 3969 l²⁵
452 3907 519 3967 puto
529 3902 622 3969 arripui
631 3919 664 3954 ao
673 3902 768 3954 deiram
780 3904 804 3955 ei
815 3901 893 3955 indici
902 3900 912 3969 [l
921 3904 953 3954 33
963 3899 1005 3970 sil
1016 3905 1048 3956 35
1075 3917 1118 3954 om
1128 3905 1242 3956 Iahnius
1251 3904 1260 3974 11

187 3971 221 4024 36
238 3967 305 4021 cedit
317 3967 467 4019 lliebardus
482 3968 492 4034 l
510 3971 541 4021 37
558 3973 688 4036 quattuor
706 3971 754 4020 boe
771 3985 861 4022 oureus
879 3970 931 4020 Auo
947 3969 1048 4022 inlatos
1062 3976 1129 4038 puto
1147 3973 1260 4026 aliunde
