2772 4476
206 200 249 262 20
662 196 815 252 Pauaorlu

148 379 209 441 28,
269 370 625 450 ΙἸοιὶςιιιιῐιεηηεἰιιςςιιίει
646 371 792 449 excipere.
820 369 920 447 itaque
940 365 1276 438 intravimusbalueum,
1294 375 1341 426 HL

208 469 238 521 et
254 459 362 520 sudore
384 457 499 518 calfacti
518 463 670 517 momento
690 454 833 534 temporis
853 455 888 514 ad
908 452 1044 533 frigidam
1065 451 1188 513 eximus.
1217 451 1275 512 iam

209 543 384 606 Trimalchio
400 549 554 621 unguento
574 541 713 620 perfusus
727 540 912 618 tergebatur,
936 557 997 600 non
1012 538 1126 611 linteis,
1146 536 1198 598 sad
1212 537 1276 615 pal-

207 631 255 692 liis
268 648 304 691 eu
319 629 385 691 lana
396 625 566 690 mollissima
580 626 674 688 lactis.
702 632 768 688 tres
777 625 896 687 interim
907 623 1069 702 iatraliptae
1082 622 1113 682 in
1130 639 1276 700 conspee-

209 726 243 780 tu
257 714 320 778 eius
334 713 494 774 Falernum
514 711 670 792 potabant,
689 708 695 791 Ι
714 720 744 772 et
765 728 834 772 cum
853 709 1014 789 plurimum
1033 709 1164 771 ruentes
1179 707 1276 768 ellum·
1295 714 1346 768 511

207 800 323 872 darent,
337 796 513 860 Trimalchio
526 798 583 860 hoc
593 814 682 858 suum
690 796 868 875 propinasse
877 795 1002 874 dicebat.
1020 791 1117 876 {hinc
1127 792 1277 854 involutus
1294 798 1339 849 HL

209 883 333 948 coccina
346 901 474 962 gausapa
488 882 608 944 lecticae
622 881 777 960 impositus
799 889 844 942 ast
857 878 1105 960 praecedentibus
1118 877 1278 957 phaleratis

210 967 382 1032 cursoribus
397 976 537 1045 quattuor
549 976 580 1030 et
594 966 782 1040 chiramaxio,
796 966 831 1028 in.
845 985 904 1045 quo
920 964 1041 1026 deliciae
1054 964 1119 1025 eius
1129 961 1277 1024 veheban-

208 1064 267 1127 tur,
277 1071 358 1134 puer
371 1052 497 1127 vetulus,
511 1052 619 1133 lippus,
633 1050 761 1115 *domiuo
777 1050 996 1112 Trimalchione
1011 1048 1180 1111 deformior.
1210 1065 1278 1108 cum

211 1157 281 1218 ergo
298 1138 484 1211 auferretur,
499 1139 535 1198 ad
550 1145 640 1216 caput
654 1137 717 1198 eius
731 1136 960 1216 symphoniacus
975 1152 1044 1197 oum
1057 1133 1187 1196 minimis
1201 1131 1281 1194 tibiis
1301 1140 1328 1190 lo

212 1223 335 1286 accessit
350 1231 379 1282 et
393 1231 535 1301 tanquam
549 1223 580 1283 in
596 1240 698 1283 aurern
710 1222 819 1300 aliquid
833 1229 947 1282 secreto
959 1220 1080 1293 diceret,
1095 1227 1158 1280 toto
1173 1217 1281 1279 itinere

211 1308 347 1370 cantauit.

296 1393 449 1471 sequimur
464 1412 519 1454 nos
533 1392 726 1454 admiratione
743 1392 802 1452 iam
816 1391 909 1452 saturi
929 1397 959 1450 et
977 1409 1045 1451 cum
1058 1392 1281 1469 Agamemnone

111 1475 113 1488 '
213 1480 250 1540 ad
265 1478 384 1538 ianuam
398 1478 595 1556 pervenimus,
615 1479 622 1553 Ι
639 1478 669 1539 in
685 1477 769 1538 cuius
781 1484 865 1556 poste
879 1476 997 1538 libellus
1006 1485 1070 1536 erat
1080 1492 1148 1535 oum
1163 1475 1220 1534 hac
1234 1475 1281 1536 in·
1299 1477 1326 1526 H

211 1563 375 1643 scriptione
390 1563 480 1624 linus:
498 1563 641 1643 ‘quisquis
651 1581 753 1625 servus
767 1562 832 1624 sine
847 1561 998 1622 dominico
1013 1560 1096 1622 iussu
1110 1561 1189 1622 laras
1199 1559 1279 1621 enie-
1291 1564 1330 1614 45

212 1650 261 1723 nit,
276 1647 401 1728 accipiet
415 1649 515 1728 plagas
527 1648 666 1710 centum'.
687 1649 691 1724 Ι
711 1648 741 1709 in
755 1648 836 1709 aditu
852 1655 948 1708 autem
960 1647 1025 1725 ipso
1039 1645 1283 1708 stabuloslian'us
1300 1644 1343 1697 al

213 1734 396 1814 pumicatos,
416 1735 550 1796 cerasino
565 1733 735 1796 succinctus
750 1733 879 1812 cingulo,
894 1740 983 1811 atque
997 1731 1029 1792 in
1044 1731 1129 1792 lance
1143 1737 1283 1809 argentea

213 1820 311 1899 pisum
333 1817 486 1897 purgabat.
515 1837 606 1898 super
625 1819 716 1878 limen
737 1827 837 1879 autem
857 1835 943 1878 cavea
964 1815 1113 1894 pendebat
1126 1833 1231 1886 aurea,
1251 1816 1281 1876 in
1343 1839 1346 1854 .

154 1905 196 1967 29
212 1922 272 1982 qua
288 1903 354 1982 pica
368 1903 446 1962 varia
460 1903 606 1964 intrantes
620 1902 772 1964 salutabat.
802 1910 932 1963 ceterum
949 1917 1004 1980 ego
1021 1901 1093 1962 dum
1107 1901 1206 1962 omnia
1221 1909 1299 1970 stus

215 2007 282 2068 peu,
298 2005 392 2066 paene
408 1987 596 2066 resupinatus
618 2005 706 2049 crura
720 2005 785 2048 mea
807 1986 892 2066 lrcgi.
921 1986 957 2046 ad
977 1985 1127 2047 sinistram
1143 1986 1223 2048 enim
1236 1985 1292 2054 in<
1303 1990 1329 2039 w

214 2071 363 2134 nantibus
377 2090 439 2133 non
454 2072 543 2152 longe
555 2073 591 2134 ab
606 2073 719 2134 ostiarii
734 2072 806 2134 cella
817 2071 898 2134 canis
913 2071 1028 2150 ingens,
1045 2080 1148 2132 calena
1158 2071 1283 2144 rinctus,

215 2160 246 2219 in
269 2157 380 2236 pariete
400 2166 466 2218 erat
485 2157 582 2236 pietus
602 2176 751 2237 superque
772 2158 913 2236 quadrata
933 2157 1018 2218 litera
1039 2157 1182 2235 seriptum
1205 2161 1283 2216 ‘caue

157 2255 190 2308 1..
217 2241 339 2304 canem’.
377 2250 407 2304 el
427 2241 557 2323 collegae
578 2243 697 2322 quidem
717 2243 774 2304 mei
796 2243 942 2315 riserunt,
963 2261 1020 2322 ego
1041 2249 1140 2304 autem
1161 2241 1285 2302 audeam

215 2329 322 2410 spiritu
337 2347 399 2390 non
415 2328 512 2390 destiti
531 2337 627 2390 totum
648 2328 790 2408 parietem
802 2328 949 2408 persequi.
979 2335 1042 2389 arat
1063 2335 1160 2389 autem
1175 2327 1286 2388 vendin

216 2415 297 2478 cium
310 2433 374 2476 com
389 2413 482 2476 titulis
494 2415 625 2493 pictum,
640 2423 670 2475 et
684 2415 748 2494 ipse
763 2414 943 2476 Trimalchio
958 2412 1110 2492 capillatus
1124 2412 1286 2474 caduceum
1308 2415 1334 2466 aa

217 2498 339 2561 tenebat
353 2499 543 2578 Minervaque
558 2500 684 2560 ducente
699 2499 823 2560 Romam
844 2499 981 2560 intrabat.
1010 2497 1081 2560 hinc
1094 2497 1286 2576 quamadmo-

216 2583 289 2646 dum
312 2583 483 2644 ratiooinari
514 2582 677 2655 didicisset,
710 2583 839 2660 denique
863 2575 1051 2663 dispensator
1081 2584 1175 2644 lactus
1201 2590 1286 2648 esset.

217 2667 319 2732 omnia
333 2666 490 2746 diligenter
505 2667 640 2728 comosus
654 2667 751 2747 pictor
766 2686 834 2729 cum
844 2667 1038 2748 inscriptione
1053 2668 1227 2730 reddiderat.
1255 2667 1286 2754 ip

219 2752 374 2816 deficieme
395 2768 466 2814 varo
488 2751 545 2812 iam
567 2751 687 2830 porticu
710 2752 836 2815 levatum
857 2753 1011 2814 mantola
1035 2751 1166 2814 tribunal
1186 2748 1288 2814 ‘excel-

217 2856 285 2903 sum
309 2836 474 2901 Mercurius
498 2837 640 2916 rapiebat.
680 2845 801 2917 praesto
825 2846 889 2900 erat
913 2837 1045 2898 Fortuna
1072 2855 1168 2898 cornu
1192 2837 1289 2898 abun·
1312 2840 1338 2890 ³⁰

215 2922 301 2985 danti
323 2921 442 3000 copiosa
467 2930 497 2982 et
523 2932 583 2984 tres
605 2922 713 2984 Parcae
739 2941 828 2984 aurea
854 2940 946 3003 pensa
971 2929 1154 3001 torquentes.
1192 2923 1289 2984 nomvi

219 3006 307 3073 olom
323 3006 354 3067 iu
369 3006 486 3086 porticu
500 3025 621 3087 gregem
636 3026 792 3070 cursorum
807 3027 876 3070 cum
889 3007 1029 3086 mag'slro
1044 3025 1076 3068 se
1092 3015 1290 3068 exercentem.

220 3093 505 3174 praetereagrande
530 3093 688 3154 armarium
709 3093 740 3154 in
766 3088 874 3173 angulo
900 3093 973 3166 ridi,
996 3091 1027 3152 in
1050 3092 1134 3152 auius
1158 3092 1293 3154 aedicula

178 3215 180 3219 ·
222 3187 307 3240 erant
327 3179 417 3240 Lares
439 3178 572 3257 argentei
591 3178 682 3258 posili
702 3177 883 3257 Venerisque
905 3177 1024 3258 signum
1044 3192 1244 3236 marmoreum
1261 3188 1294 3238 et

222 3263 306 3343 pyxis
327 3281 415 3327 aurea
437 3282 499 3327 uon
521 3263 641 3343 pusilla,
662 3263 695 3324 in
717 3281 775 3343 qua
795 3263 917 3324 barbam
942 3262 1034 3342 ipsius
1055 3259 1203 3322 conditam
1226 3279 1293 3324 esse
1311 3267 1338 3318 aa

223 3347 369 3413 dicebant.

234 3561 257 3572 ,.
307 3518 492 3596 intercagare
503 3535 575 3597 ergo
586 3517 744 3580 atriensem
756 3518 979 3598 coepi,quasin
990 3519 1087 3581 medio
1099 3517 1230 3598 picturas
1240 3517 1292 3576 ha·

311 3757 326 3806 5
344 3753 467 3806 bibebant
481 3753 522 3814 Lll
537 3755 552 3807 8
566 3751 711 3805 ferebantur
725 3753 748 3806 L
760 3752 771 3821 Ι
784 3756 815 3808 10
830 3769 887 3806 cum
903 3753 1014 3806 minimis
1026 3749 1225 3820 symphoniacus
1237 3751 1249 3820 ΙΙ
1263 3755 1296 3804 16

225 3823 313 3878 autem
333 3837 385 3873 om.
403 3821 447 3891 Η
464 3825 492 3876 ll
513 3820 586 3874 lance
607 3837 659 3874 om.
677 3823 705 3874 H
712 3821 723 3890 ll
738 3825 768 3875 ta
792 3821 825 3875 ad
847 3822 932 3874 omnia
955 3821 1099 3880 Heinsiuslt
1118 3820 1149 3871 2'l
1174 3817 1233 3872 dein
1254 3822 1298 3872 ael

226 3887 318 3943 deinde
336 3888 379 3957 bl
393 3894 421 3942 31
443 3891 548 3970 copiosa
566 3893 737 3956 emungebat
754 3889 864 3942 Gnosius
884 3905 937 3956 qao
959 3887 1034 3950 sacto
1050 3887 1219 3940 scribendum
1237 3903 1296 3940 cum

157 3993 159 3998 -
227 3972 313 4010 cornu.
340 3972 376 4008 aa
393 3961 550 4025 conspicue?
562 3961 572 4026 ll
586 3961 618 4010 ³4
636 3973 803 4012 marmoreum
821 3959 933 4026 positum
952 3961 979 4009 et
995 3955 1085 4026 11137
1104 3955 1194 4024 agol)
