2772 4476
236 182 278 244 50
696 183 849 237 rursum]

237 363 344 443 spargi.
374 361 463 423 immo
479 362 601 422 anulum
622 360 736 422 traiecit
757 360 788 421 in
804 361 953 421 dexteram
968 369 1132 422 manumet
1155 365 1225 422 ‘nou
1242 361 1344 424 siner

238 447 333 510 causa'
361 447 459 526 inquit
484 446 541 507 ‘hic
563 445 691 507 bucinus
713 445 830 525 signum
853 444 932 506 dedit
939 464 947 521 ;
976 464 1044 506 nam
1064 453 1115 506 aut
1137 446 1307 508 incendium

237 540 355 612 oportet
369 533 434 606 liat,
458 540 508 593 aut
528 530 634 610 abquis
655 530 685 591 in
701 531 808 592 vicinia
829 530 956 590 animam
971 530 1085 592 abiciet.
1115 531 1204 610 longe
1219 549 1235 591 a
1251 551 1306 592 no-

236 617 290 679 his.
327 618 426 695 itaque
444 615 576 695 quisquis
598 617 679 676 hunc
699 614 826 676 indicem
849 615 991 688 attulerit,
1020 615 1210 678 corollarium
1231 617 1307 678 acci-

237 703 317 783 piet'.
348 702 426 763 dicto
442 701 529 762 citius
544 701 579 762 de
594 700 700 761 ricinia
716 701 809 780 gallus
824 700 927 762 allatus
942 709 1001 774 est,
1024 718 1112 778 quem
1129 701 1308 763 Trimalchio
1327 713 1338 762 ι

236 789 327 851 occidi
339 787 438 862 iussit,
461 795 494 847 ut
509 803 584 848 aeno
602 794 704 848 coctus
723 786 816 846 fieret.
846 785 990 847 laceratus
1006 785 1097 863 igitur
1118 785 1154 846 ab
1170 786 1219 848 illo
1236 788 1307 848 doc-

234 873 347 935 tissimo
364 889 451 947 coco,
472 871 522 950 qui
537 871 624 950 paulo
641 879 709 932 ante
724 871 760 932 de
775 888 867 950 porco
883 888 949 932 aves
963 871 1118 949 piscesque
1133 872 1259 946 iecerat,
1276 872 1306 933 in

236 957 396 1019 caccabum
424 966 469 1018 est
496 956 657 1018 coniectus.
695 951 824 1034 dumque
846 954 989 1018 Daedalus
1011 955 1160 1036 potionem
1189 958 1308 1018 ferven-

238 1043 379 1104 tissimam
395 1040 501 1116 haurit,
517 1041 678 1102 Fortunata
692 1041 768 1102 mola
784 1040 879 1102 buxea
893 1040 980 1121 piper
994 1041 1081 1101 trivit.

322 1127 446 1207 sumptis
468 1125 558 1206 igitur
579 1126 695 1187 matteis
724 1126 887 1206 respiciens
909 1125 945 1186 ad
967 1124 1104 1187 familiam
1128 1124 1308 1187 Trimalchio
1328 1137 1348 1186 u

236 1211 316 1291 ‘quid
332 1212 391 1274 vos'
414 1211 510 1290 inquit
531 1211 635 1272 ‘adhuc
657 1230 718 1274 uon
740 1209 888 1273 cenastis?
910 1210 1003 1284 abite,
1019 1218 1052 1271 ut
1073 1209 1121 1271 alii
1135 1209 1259 1271 veniant
1272 1212 1308 1272 ad

236 1297 384 1358 olbeium’.
421 1296 512 1358 subiit
524 1295 615 1376 igitur
634 1296 688 1356 alia
704 1295 819 1371 classis,
845 1304 875 1357 et
894 1295 935 1356 illi
955 1295 1072 1375 quidem
1094 1295 1306 1357 exclamavere:

237 1382 307 1442 ‘vale
324 1381 403 1456 Gai’,
425 1382 455 1443 hi
470 1388 581 1442 autem:
610 1384 670 1442 ‘ave
693 1381 763 1442 Gai’.
799 1381 870 1443 hinc
894 1381 1023 1460 primum
1049 1380 1179 1441 hilaritas
1205 1389 1308 1442 nostra

235 1466 352 1528 turbata
367 1475 427 1543 est;
449 1485 519 1527 nam
534 1485 602 1527 cum
617 1485 692 1545 puer
708 1485 769 1527 non
792 1466 977 1546 inspeciosus
992 1466 1069 1526 iuter
1091 1483 1183 1526 novos
1198 1466 1307 1528 intras·

235 1560 281 1614 set
294 1552 460 1627 ministros,
483 1551 586 1613 invasit
609 1568 676 1612 eum
691 1550 869 1612 Trimalchio
889 1560 918 1612 et
932 1550 1058 1612 osculari
1075 1550 1183 1612 diutius
1199 1551 1306 1631 eoepit.
1326 1561 1346 1611 ιι

234 1637 332 1716 itaque
347 1636 523 1710 Fortunata,
547 1644 580 1698 ut
601 1656 637 1698 ex
659 1655 753 1716 aequo
776 1637 821 1698 ius
835 1637 953 1700 firmum
969 1635 1155 1716 approbaret,
1170 1635 1247 1696 male
1263 1637 1306 1697 di-

236 1741 302 1784 cere
318 1722 529 1783 Trimalchioni
544 1721 642 1802 coepit
660 1730 692 1782 et
705 1730 933 1801 purgamentum
951 1721 1138 1799 dedecusque
1152 1721 1306 1799 praedica·

237 1825 285 1881 re,
308 1807 434 1885 quinon
458 1806 623 1868 contineret
645 1806 796 1868 libidinem
820 1825 911 1868 suam.
949 1806 1051 1867 ultimo
1075 1805 1161 1866 etiam
1184 1805 1304 1867 adiecit:

238 1891 347 1952 ‘canis’.
378 1890 554 1952 Trimalchio
578 1900 681 1952 contra
703 1892 834 1952 offensus
856 1889 988 1952 convicio
1012 1891 1131 1951 calicem
1152 1889 1306 1974 infaciem

236 1975 415 2036 Fortunatae
436 1975 565 2036 immisit.
596 1976 643 2036 illa
658 1983 797 2054 tanquam
814 1975 931 2038 oculum
947 1975 1138 2055 perdidisset,
1160 1977 1305 2038 exclama·
1325 1987 1346 2037 lt

235 2061 276 2122 ιιι
295 2078 460 2138 manusque
480 2068 642 2122 trementes
662 2061 815 2122 adfaciem
837 2079 920 2122 suam
942 2060 1077 2123 admovit.
1115 2069 1304 2124 consternata
1362 2125 1363 2140 ,

236 2153 280 2207 est
302 2145 390 2207 etiam
405 2144 537 2206 Scintilla
562 2145 814 2224 trepidantemque
835 2146 904 2208 sinu
925 2165 978 2208 suo
999 2145 1081 2206 texit
1116 2145 1205 2206 immo
1228 2165 1363 2228 puer,
1362 2169 1363 2190 ι

237 2249 356 2310 quoque
377 2230 527 2292 officiosus
551 2231 704 2292 urceolum
727 2230 865 2310 frigidum
891 2231 927 2292 ad
952 2231 1057 2291 malam
1078 2230 1142 2292 eius
1167 2231 1304 2306 admovit,
1362 2193 1363 2298 ι

235 2333 326 2396 super
341 2335 429 2395 quem
444 2314 621 2378 incumbens
635 2315 797 2378 Fortunata
809 2335 927 2396 gemere
942 2334 975 2377 ac
986 2316 1058 2376 llere
1069 2315 1176 2396 coepit.
1200 2327 1305 2378 contra
1362 2329 1363 2370 1

235 2401 413 2462 Trimalchio
429 2401 509 2480 ‘quid
530 2399 639 2464 eniml'
655 2401 752 2480 inquit
767 2401 931 2463 ‘ambubaia
947 2420 1008 2462 non
1024 2400 1173 2475 meminit,
1195 2402 1247 2463 sed
1270 2403 1363 2464 deu

235 2485 370 2548 machina
385 2486 462 2547 illam
478 2486 596 2560 sustuli,
619 2487 770 2548 hominem
790 2487 869 2549 inter
883 2486 1019 2548 homines
1034 2485 1099 2547 leci.
1129 2495 1159 2547 at
1173 2487 1259 2548 inflat
1274 2507 1304 2549 se
1362 2509 1363 2568 ι

234 2579 374 2649 tanquam
389 2589 475 2645 rana,
499 2579 528 2631 et
542 2571 571 2631 in
589 2570 686 2632 sinum
709 2589 794 2632 suum
811 2591 873 2633 non
888 2571 976 2651 spuit,
992 2571 1093 2659 codex,
1110 2590 1171 2632 non
1187 2572 1303 2634 mulier.
1362 2585 1363 2604 ³

234 2653 363 2729 sedhic,
380 2654 614 2752 quiinper'gula
631 2663 791 2730 natusest,
815 2641 1166 2719 aedesnonscmniatur
1196 2656 1235 2718 ita
1252 2676 1303 2736 ge·
1362 2687 1363 2734 ι

235 2739 317 2800 nium
339 2757 438 2800 meum
460 2739 621 2820 propitium
643 2739 781 2815 habeam,
805 2741 930 2816 curabo,
953 2741 1070 2802 domata
1085 2741 1123 2803 sit
1139 2741 1363 2804 Cassandra
1362 2781 1363 2824 ,

233 2823 377 2902 caligaris.
407 2833 437 2885 et
451 2843 515 2903 ego,
531 2825 619 2886 bomo
635 2824 846 2922 dipundiarius,
862 2827 1028 2888 sestertium
1044 2826 1156 2889 centies
1167 2827 1363 2908 accipere
1322 2833 1363 2885 tt

233 2909 325 2990 potui.
363 2909 420 2971 scis
441 2918 474 2970 tu
496 2927 543 2970 me
566 2928 627 2970 non
650 2909 777 2971 mentiri.
815 2913 943 3010 Agatho,
967 2911 1188 3030 unguentarius
1213 2912 1304 2974 herae
1362 2931 1363 2948 ι

232 2995 399 3076 proximae,
423 2995 537 3056 seduxit
558 3013 605 3055 me
628 3003 657 3056 et
679 2995 826 3058 ‘”‘suadeo
848 2997 974 3076 inquit
978 3002 1049 3057 ‘non
1072 2997 1191 3093 patiaris
1206 3015 1303 3076 genus
1362 3041 1363 3054 ,

232 3088 316 3142 tuum
343 3079 494 3142 interire&
526 3087 555 3140 at
575 3097 630 3160 ego
653 3079 720 3142 dum
742 3080 869 3144 bonatus
890 3099 945 3161 ago
967 3090 997 3142 et
1017 3082 1087 3143 nolo
1108 3073 1198 3142 videri
1220 3082 1303 3159 levis,
1362 3109 1363 3116 ι

232 3165 296 3244 ipse
316 3165 387 3226 mibi
401 3165 507 3228 asciam
522 3165 552 3226 iu
576 3183 645 3227 crus
666 3164 784 3246 impegi
820 3175 916 3242 recte,
932 3167 1059 3242 curabo,
1081 3184 1129 3228 me
1150 3168 1303 3246 unguibus

234 3267 367 3328 quaeras
408 3259 438 3312 ct
425 3258 495 3312 tut
521 3250 792 3348 depraesentiarum
816 3251 975 3331 intelligas,
1003 3253 1073 3331 quid
1101 3250 1152 3312 tibi
1179 3253 1302 3316 leceris·
1323 3259 1346 3312 ιι

233 3333 380 3409 llabinna,
397 3335 475 3410 nolo,
490 3344 615 3397 statuam
630 3335 693 3397 eius
708 3335 738 3397 iu
754 3345 949 3398 monumento
963 3355 1030 3398 meo
1045 3355 1149 3418 ponas,
1165 3356 1204 3398 ue
1219 3356 1302 3400 mor·

232 3426 301 3480 tuus
314 3419 431 3498 quidem
442 3419 507 3482 lites
521 3419 653 3483 habeam.
683 3421 818 3498 immo,u
798 3422 919 3483 msciat
931 3440 979 3484 me
993 3441 1083 3502 posse
1097 3422 1206 3483 malum
1221 3423 1302 3500 dare,

231 3504 316 3580 uolo,
332 3523 380 3566 me
394 3512 543 3567 mortuum
559 3505 670 3568 hasiet'.

174 3591 214 3654 75
316 3597 384 3670 post
404 3589 496 3650 hocf
482 3590 593 3652 fulmen
609 3590 762 3654 llabinnas
777 3609 881 3671 rogare
896 3593 1009 3673 coepit,
1032 3601 1065 3654 ut
1080 3593 1137 3654 iam
1152 3590 1303 3656 desineret

231 3673 318 3736 irasci
333 3684 363 3737 et
381 3672 386 3757 Ι
407 3675 512 3738 ‘nemo’
528 3675 623 3755 iuquit
642 3679 787 3740 ‘nostrum
809 3696 869 3738 non
892 3687 1002 3759 peccat.
1032 3678 1168 3739 homines
1189 3697 1302 3755 sumus,
1324 3663 1363 3752 ιιι

149 3923 150 3928 ,
319 3878 347 3927 ιι
367 3877 589 3941 trimalchioueml
607 3879 639 3932 24
658 3894 734 3960 quem
752 3864 898 3948 Ηοιιιιίιιιι
916 3881 948 3933 25
967 3892 1008 3931 me
1026 3878 1096 3932 misit
1114 3877 1175 3932 sede
1193 3880 1302 3933 machil·

229 3944 282 3996 lam
300 3942 370 3996 illam
382 3943 392 4012 ll
404 3947 435 3998 27
455 3946 572 4013 conspuit
585 3944 595 4013 Ι
608 3947 640 3999 29
661 3947 682 3998 si
