2780 4480
686 155 844 250 resnouu

384 373 442 433 iam
456 371 568 432 decima
583 377 710 431 maestos
731 369 810 430 inter
823 367 967 447 ancipites
982 378 1078 430 metus

383 457 515 537 Phrygas
530 454 683 516 obsidebat
697 454 800 516 messis
815 462 845 516 et
858 454 931 514 vatis
946 453 1018 516 tides

383 541 550 604 Calchantis
564 549 628 601 atro
643 539 732 601 dubia
746 537 896 618 pendebat
910 548 999 614 metu,

384 646 452 688 cum
467 626 551 688 Delio
566 626 704 706 profante
719 625 796 686 oaesi
810 625 935 684 vertices

324 725 339 774 5
381 713 448 773 ldae
464 712 624 772 trabuntur
638 710 786 789 scissaque
802 709 833 770 in
848 708 958 770 molem
971 707 1080 768 eadunt

384 797 502 870 robora,
518 797 665 857 minacem
679 812 755 873 quae
771 796 934 873 figurarent
948 811 1067 872 equum.

383 882 514 963 aperitur
528 881 635 960 ingens
647 887 766 942 antrum
781 889 811 940 et
826 879 946 942 obducti
961 896 1078 958 specus,

384 967 436 1047 qui
448 975 543 1028 castra
558 973 708 1044 caperent.
738 965 797 1026 huc
813 963 938 1026 decenni
953 962 1067 1042 proelio

383 1053 457 1113 irata
469 1052 563 1112 virtus
578 1050 705 1123 abditur,
722 1050 833 1130 stipant
847 1065 950 1129 graves

386 1137 477 1198 Danai
492 1155 637 1209 recessus
652 1137 683 1196 in
699 1154 752 1197 suo
767 1143 835 1196 voto
850 1135 951 1196 latent,

383 1243 401 1284 o
416 1221 519 1302 patria,
535 1221 635 1300 pulsas
650 1220 728 1281 millo
743 1220 921 1282 credidimus
935 1229 1014 1280 rates

384 1308 540 1386 solumque
554 1306 631 1366 bello
647 1304 788 1366 liberum:
804 1305 862 1366 boc
877 1304 979 1366 titulus
994 1304 1058 1364 lero

384 1393 506 1467 incisus,
522 1393 579 1452 boo
594 1392 629 1452 ad
643 1392 721 1452 lurta
736 1391 918 1469 compositus
934 1389 1028 1450 Sinon

384 1478 520 1539 firmabat
534 1485 563 1538 et
578 1495 663 1538 mens
677 1493 796 1555 semper
808 1475 840 1536 in
857 1476 996 1536 damnum
1010 1481 1127 1553 potens.

428 1564 485 1624 iam
500 1561 588 1623 turba
602 1562 697 1642 portis
711 1560 804 1622 libera
819 1579 853 1621 ao
868 1560 946 1620 bebo
962 1577 1066 1620 carens

385 1650 415 1710 in
432 1657 499 1710 vota
513 1655 664 1727 properat.
694 1645 813 1707 fletibus
828 1654 949 1706 manant
964 1663 1057 1724 genae

384 1735 553 1812 mentisque
567 1732 688 1812 pavidae
699 1731 838 1810 gaudium
853 1730 988 1792 lacrimas
1002 1729 1100 1790 babet.

385 1836 458 1897 quas
473 1826 568 1879 metus
584 1817 690 1896 abegit.
721 1833 849 1894 namque
863 1815 1002 1895 Neptuno
1018 1832 1102 1876 sacer

384 1903 498 1964 crinem
513 1902 626 1964 solutus
642 1918 731 1962 omne
746 1901 885 1961 Laocoon
902 1900 997 1980 replet

385 1986 514 2048 clamore
527 1986 641 2065 vulgus.
674 2004 742 2046 mox
757 1984 878 2046 reducta
894 1985 1017 2064 cuspide

385 2081 500 2134 uterum
517 2071 636 2145 notavit,
650 2071 711 2131 lata
725 2071 776 2132 sed
790 2070 906 2131 tardant
922 2087 1037 2143 manus,

384 2158 518 2235 ictusque
530 2155 623 2218 resilit
637 2163 666 2216 et
676 2155 751 2216 dolis
762 2154 841 2216 addit
851 2155 948 2216 fidem.

383 2241 490 2304 iterum
505 2250 605 2303 tamen
622 2242 778 2302 confirmat
792 2240 946 2301 invalidam
962 2257 1083 2312 manum

385 2327 502 2407 altaque
517 2326 640 2408 bipenni
655 2328 747 2389 latera
764 2333 952 2406 pertemptat.
981 2325 1080 2386 tremit

385 2413 497 2494 captiva
511 2412 607 2494 pubes
622 2413 717 2487 intus,
734 2421 764 2473 et
778 2411 848 2472 dum
864 2419 1037 2484 murmurat,

384 2498 510 2560 roborea
526 2498 617 2558 moles
632 2498 724 2576 spirat
735 2496 832 2558 alieno
847 2505 938 2557 metu.

384 2583 446 2643 ibat
461 2583 596 2644 iuventus
612 2591 705 2660 capta,
721 2580 791 2641 dum
807 2581 925 2642 Troiam
940 2580 1026 2660 capit,

384 2665 553 2744 bellumque
568 2674 663 2727 totum
678 2666 780 2726 fraude
796 2666 922 2726 ducebat
937 2682 1021 2725 nova.

428 2768 498 2812 ecoe
513 2751 569 2811 alia
582 2759 731 2812 monstra:
747 2749 823 2812 celsa
838 2769 896 2829 qua
911 2750 1048 2811 Tenedos
1061 2765 1142 2809 mare

386 2835 475 2896 dorso
489 2835 622 2914 replevit,
636 2836 747 2897 tumida
763 2843 949 2916 consurgunt
962 2835 1037 2896 freta

386 2920 525 3000 undaque
540 2920 662 2982 resultat
677 2920 767 2982 scissa
782 2921 943 3000 tranquillo
958 2920 1067 2995 minor,

385 3007 479 3085 qualis
494 3005 593 3068 silenti
608 3014 698 3067 nocte
714 3025 864 3068 remorum
879 3025 972 3068 sonus

384 3091 473 3172 longe
488 3092 626 3165 refertur,
642 3109 710 3152 curn
724 3099 867 3171 premunt
883 3091 990 3153 classes
1004 3107 1085 3151 mare

385 3177 565 3257 pulsumque
580 3194 709 3237 marmor
724 3176 820 3238 abiete
835 3176 972 3256 imposita
988 3175 1086 3255 gemit.

384 3262 575 3342 respicimus:
591 3280 704 3342 angues
719 3261 842 3323 orbibus
856 3261 982 3341 geminis
993 3262 1095 3322 lerunt

385 3346 422 3407 ad
437 3366 503 3408 saxa
517 3348 639 3421 fluetus,
654 3347 765 3408 tumida
780 3363 907 3426 quorum
921 3355 1043 3426 pectora

321 3433 324 3440 ’
385 3439 462 3493 rates
479 3443 511 3493 ut
525 3432 598 3493 altae
614 3432 755 3494 lateribus
769 3449 888 3512 spumas
903 3441 1003 3510 agunt.

385 3517 434 3578 dat
447 3517 540 3578 cauda
555 3517 700 3591 sonitum,
715 3516 826 3578 liberae
841 3527 934 3598 ponto
949 3517 1035 3579 iubae

309 3683 520 3804 dfigurabantsst
531 3685 634 3735 conieci
645 3688 748 3752 paratur
757 3649 766 3753 ll
777 3686 793 3737 9
803 3683 903 3737 minata
914 3685 1059 3749 leonisius,
1071 3683 1159 3736 durata
1171 3685 1304 3736 Basanon-

232 3768 283 3804 πω
293 3752 302 3820 ΙΙ
316 3756 347 3806 10
356 3768 474 3806 recessus
505 3751 561 3805 anai
574 3757 601 3804 et
610 3753 636 3804 in
645 3757 708 3806 voto
719 3753 740 3804 0
751 3750 760 3820 Η
773 3757 803 3806 13
813 3753 866 3806 lata
878 3752 888 3822 ΙΙ
902 3757 931 3806 14
944 3767 1016 3806 mens
1026 3753 1302 3818 semperAuttesiodu·

232 3823 333 3871 renat:
342 3821 499 3874 mendatium
508 3835 609 3889 semper
617 3823 758 3872 Ρανίεἰηαε
766 3821 836 3875 6842
844 3822 876 3886 D,
886 3820 1046 3873 mendacium
1053 3819 1168 3886 reliquit
1182 3821 1302 3889 inpotens
1370 3807 1371 3856 l

233 3886 352 3955 eoaicdll
363 3893 394 3943 tc
403 3887 558 3958 properanti}
568 3889 728 3957 dulciusque
741 3890 805 3940 libri
812 3887 870 3950 fere
879 3887 984 3954 mosell
997 3889 1028 3940 tt
1038 3890 1214 3955 otttposrus
1224 3889 1303 3942 collo-

233 3957 402 4023 catlobniue‚
407 3960 471 4022 poet
479 3959 508 4009 to
518 3972 567 4022 ego
576 3955 585 4024 ll
594 3960 625 4009 at
636 3957 774 4025 tranquillo
784 3957 845 4008 mari
860 3955 961 4007 Tollius
969 3953 979 4022 ΙΙ
988 3959 1020 4010 38
1029 3960 1135 4024 pontem
1142 3962 1301 4026 autpertum
