2780 4480
678 199 831 256 ruruuuu

744 378 761 416 *

301 480 348 523 me
361 461 434 523 nihil
445 460 537 540 magis
548 460 707 540 pungebat,
719 477 808 540 quam
820 477 859 520 ne
869 458 1033 540 Eumolpus
1044 460 1193 535 sensisset,
1206 460 1297 540 quic·
1315 467 1335 518 L

219 546 287 625 quid
303 546 374 610 illud
390 548 496 620 luerat,
512 546 644 606 ethome
659 545 861 608 dicacissimus
876 545 1058 608 carminibus
1071 544 1235 607 vindicaret

741 651 758 690 ἠ

303 718 379 778 iurat
394 717 558 798 Eumolpus
571 716 669 778 verbis
684 714 919 795 conceptissimis

741 821 758 859 *

141 887 200 948 114
303 887 371 948 dum
388 888 460 948 haec
480 886 606 965 taliaque
626 886 781 960 iactamus,
802 884 952 947 inhorruit
965 902 1046 946 marc
1064 884 1219 964 nubesque
1234 903 1298 948 un·

218 971 307 1051 dique
328 973 470 1034 adductae
496 970 623 1033 obruere
648 971 781 1034 tenebris
807 971 893 1032 diem.
929 969 1103 1032 discurrunt
1126 978 1234 1032 nautae
1259 972 1330 1033 adt

220 1057 315 1118 officia
329 1056 512 1136 trepidantes
527 1057 649 1137 velaque
663 1056 832 1137 tempestati
847 1054 1026 1117 subducunt.
1055 1056 1106 1117 sed
1122 1073 1179 1118 nec
1193 1064 1298 1120 certos

218 1142 326 1203 ductus
339 1147 445 1204 ventus
460 1142 625 1221 impulerat,
641 1161 697 1203 nec
713 1160 772 1220 quc
787 1141 949 1203 destinaret
963 1157 1094 1214 cursum,
1108 1140 1298 1219 gubernator

218 1225 339 1289 sciebat.
370 1227 497 1288 Siciliam
512 1228 600 1288 modo
615 1236 721 1289 ventus
736 1226 832 1300 dabat,
848 1225 1017 1306 saepissime
1033 1221 1076 1308 [in
1093 1226 1185 1304 oram]
1199 1226 1297 1290 Italici

217 1311 313 1373 litoris
334 1311 432 1391 aquilo
453 1331 609 1392 possessor
629 1312 820 1375 convertebat
839 1312 899 1372 huc
921 1311 991 1372 illuc
1011 1310 1171 1372 obnoxiam
1186 1319 1296 1387 ratem,

220 1406 248 1458 et
263 1397 341 1476 quod
358 1398 496 1459 omnibus
510 1397 648 1477 procellis
663 1397 858 1478 periculosius
873 1404 951 1471 erat,
967 1404 1026 1458 tam
1042 1395 1152 1476 spissae
1168 1406 1298 1476 repente
1318 1406 1342 1457 tt

217 1481 358 1544 tenebrae
379 1483 475 1545 lucem
491 1493 732 1562 suppresserant,
754 1490 787 1545 ut
801 1501 840 1544 ue
862 1499 980 1562 proram
996 1480 1115 1560 quidem
1130 1489 1223 1544 totana
1238 1500 1297 1561 gu-

217 1567 358 1630 beruator
371 1569 492 1630 videret.
521 1569 621 1648 itaque
641 1568 778 1630 hercules
798 1575 957 1648 postquam
978 1565 1133 1628 manifesta
1150 1587 1167 1628 e
1184 1585 1296 1628 conva-

217 1652 285 1728 luit,
301 1653 406 1717 Lichas
429 1654 578 1735 trepidans
598 1653 634 1715 ad
654 1671 701 1715 me
724 1654 845 1734 supinas
867 1651 992 1731 porrigit
1013 1670 1119 1714 manus
1134 1660 1163 1712 et
1178 1652 1230 1714 ‘tu’
1245 1652 1295 1716 iu-

218 1739 282 1817 quit
304 1738 452 1820 ‘Encolph
475 1757 617 1802 succurra
636 1738 871 1819 periclitantibus
892 1745 922 1798 ct
940 1745 1049 1800 vestem
1069 1736 1296 1800 illamdivinam

216 1824 396 1903 sistrumque
411 1825 501 1886 redde
517 1824 641 1903 navigio.
678 1824 844 1902 perfidem,
866 1822 1020 1896 miserere,
1043 1821 1295 1900 quemadmodum
1315 1832 1339 1881 15

218 1908 336 1986 quidem
351 1908 447 1970 soles'.

304 2003 333 2054 et
353 1994 436 2054 illum
452 1993 570 2072 quidem
586 1993 794 2055 vociferantem
814 1993 844 2054 in
860 2009 941 2053 mare
955 1999 1062 2054 ventus
1077 1992 1222 2066 excussit,
1244 2011 1294 2054 re·

218 2077 403 2157 petitumque
428 2078 535 2140 inlestu
562 2079 677 2158 gurgite
707 2077 835 2157 procella
865 2076 1041 2156 circumegit
1068 2085 1156 2156 atque
1185 2077 1294 2139 hausit.

217 2162 423 2244 Tryphaenam
445 2171 543 2224 autem
564 2183 658 2244 prope
681 2163 737 2224 iam
845 2162 1005 2226 fidelissimi
1026 2169 1192 2242 rapuerunt
1205 2163 1293 2238 servi,
1380 2195 1382 2242 ,

217 2250 404 2328 scaphaeque
424 2249 591 2329 impositam
612 2268 680 2312 cum
702 2248 825 2311 maxima
845 2249 1027 2312 sarcinarum
1044 2257 1128 2326 parte
1143 2245 1295 2311 abduxere
1315 2259 1341 2310 it

218 2335 396 2398 certissimae
411 2335 499 2397 morti

219 2505 376 2585 applicitus
393 2523 461 2566 cum
483 2505 613 2566 clamore
628 2505 693 2567 llevi
715 2514 744 2566 et
765 2506 840 2567 ‘boc'
862 2506 983 2585 inquam
1003 2509 1028 2564 ‘a
1048 2505 1104 2567 diis
1118 2505 1293 2578 meruimus,

218 2598 252 2650 ut
267 2608 322 2650 nos
337 2589 398 2650 sola
421 2599 517 2650 morta
533 2587 774 2670 coniungerent?
796 2592 847 2652 sed
863 2609 925 2652 non
941 2590 1068 2652 crudelis
1083 2591 1204 2652 inmune
1219 2610 1295 2654 con·

219 2673 305 2734 cedit.
335 2691 405 2735 ecce
420 2675 477 2734 iam
492 2683 584 2735 ratem
600 2674 708 2736 ductus
722 2683 848 2750 evertet,
865 2693 934 2737 ecce
948 2676 1007 2737 iam
1021 2675 1174 2755 amplexus
1189 2695 1293 2740 amau·

219 2757 293 2818 tium
308 2758 414 2819 iratum
429 2759 537 2820 dividet
551 2777 640 2821 mare.
676 2760 775 2839 igitur,
796 2761 821 2821 si
840 2779 906 2822 vere
921 2760 1089 2840 Encolpion
1105 2761 1242 2837 dilexisti,
1257 2763 1295 2824 da
1314 2771 1342 2821 25

219 2843 335 2915 oscula,
357 2843 426 2904 dum
442 2844 525 2918 licet,
547 2854 573 2906 et
592 2844 727 2906 ultimum
749 2845 806 2906 hoc
828 2845 967 2925 gaudium
982 2846 1048 2908 latis
1061 2847 1294 2927 properantibus

218 2929 309 3008 rape’.
339 2930 411 2990 baec
426 2938 459 2991 ut
474 2947 529 3008 ego
545 2929 620 3002 dixi,
637 2928 724 2991 Giton
740 2939 850 2993 vestem
872 2930 1022 3012 deposuit,
1043 2949 1167 3010 meaque
1188 2934 1292 2996 tunica
1382 2973 1383 2992 i

219 3023 374 3076 contectus
396 3015 509 3078 exeruit
524 3016 559 3077 ad
581 3015 715 3078 osculum
733 3024 831 3095 caput.
860 3026 889 3078 et
910 3036 948 3078 ne
964 3015 1006 3078 sic
1021 3017 1214 3080 cohaerentes
1229 3037 1292 3079 ma·

219 3100 327 3180 lignior
347 3100 455 3163 fluctus
475 3101 664 3177 distraheret,
680 3110 839 3181 utrumque
854 3121 928 3163 zona
944 3102 1187 3164 circumvenienti
1203 3121 1293 3182 prae-

220 3185 356 3246 claritat
377 3186 411 3247 ‘si
433 3187 506 3248 nibil
527 3187 620 3263 aliud,
642 3195 722 3248 certe
743 3186 862 3248 diutius’
877 3187 975 3266 inquit
996 3188 1195 3252 ‘iunctosnos
1210 3207 1293 3250 mare
1312 3195 1342 3246 tt

219 3270 304 3344 leret,
318 3270 365 3331 vel
380 3271 404 3332 si
418 3272 544 3335 volucrit
558 3272 726 3336 misericors
740 3272 776 3333 ad
791 3273 868 3334 idem
884 3272 953 3334 litus
968 3272 1123 3353 expellere,
1138 3281 1191 3335 aut
1204 3293 1292 3354 prac-

220 3355 330 3416 tericns
346 3356 450 3434 aliquis
465 3358 608 3420 tralaticia
622 3358 804 3420 humanitate
818 3357 973 3437 lapidabit,
995 3367 1046 3420 aut
1061 3359 1138 3438 quod
1154 3358 1292 3421 ultimum

221 3447 266 3502 est
279 3439 361 3501 iratis
375 3441 462 3503 etiam
485 3444 638 3519 fluctibus,
661 3443 835 3524 imprudens
854 3444 965 3506 harena
987 3443 1165 3525 componet'.
1195 3445 1294 3524 patior

307 3629 319 3678 l
339 3624 475 3693 pudebatl
493 3628 509 3677 6
527 3629 613 3680 certus
630 3626 866 3698 Iungmmannmll
888 3631 903 3681 8
921 3628 948 3681 in
966 3643 1036 3681 oram
1054 3644 1109 3680 une
1128 3629 1205 3679 habet
1226 3627 1293 3681 Tur·

220 3696 366 3746 unedone:
384 3710 438 3745 non
454 3694 580 3746 uidentur
592 3697 657 3748 baec
668 3698 785 3762 integro,
799 3699 983 3763 temptauimus
995 3700 1071 3749 notus
1084 3695 1169 3758 dabat,
1187 3696 1291 3763 saepius

221 3760 247 3812 in
270 3777 338 3814 mare
361 3759 407 3831 119
430 3765 528 3848 partem
550 3763 560 3830 ll
582 3766 613 3818 12
637 3764 763 3848 hercules]
789 3765 871 3817 latere
897 3764 1004 3832 periculi
1019 3764 1190 3846 'oqcodulum
1213 3770 1291 3832 puto,

220 3831 1293 3971 1111111111111,1111111111111111131115111

221 3967 253 4019 23
272 3964 317 4018 sed
336 3979 367 4017 ne
385 3964 435 4016 boc
453 3964 555 4031 quidem
571 3967 763 4035 Bnrmaccuell
777 3970 808 4019 25
828 3966 859 4018 ed
877 3965 964 4017 oscula
977 3964 986 4034 ll
1001 3970 1032 4021 30
1051 3969 1137 4021 iuncta
1156 3983 1203 4021 nos
1222 3984 1292 4022 mors
