2772 4476
217 183 258 246 32
676 187 829 244 Phanetou

216 361 273 422 hoc
288 361 383 424 solum
397 368 496 425 rebare
514 379 575 422 neo
589 360 665 424 lovis
677 369 784 440 potest
816 361 909 434 rides,
925 361 1101 437 Fortunata,
1118 364 1287 443 paae'soles
1307 373 1334 422 lt

216 464 264 508 mc
280 454 368 508 nocte
378 447 550 510 desomnem
564 445 688 508 tacerel
718 465 774 508 neo
789 455 887 508 manen
903 447 935 508 in
947 446 1184 510 triclinio'ullum
1197 457 1287 512 vetuo

218 532 315 593 lacere
331 531 410 610 quod
425 550 457 594 se
468 531 555 605 iuvet,
572 540 602 592 et
616 531 723 594 medici
733 540 833 594 aetam
843 532 1008 594 continere.
1038 533 1085 594 vel
1098 533 1205 611 siquid
1220 535 1289 613 plus

217 616 306 691 venit,
323 617 422 678 omnia
437 617 517 678 foras
531 625 631 696 parata
646 624 731 678 sant:
753 633 841 696 aqna,
862 617 955 681 lasani
970 626 1000 680 et
1013 627 1111 680 cetera
1125 617 1287 682 minutalia.

216 701 329 762 credite
351 702 438 774 mihi,
465 702 675 781 anathymiasis
696 703 727 763 in
749 702 952 764 cerebrum‘it
972 710 1002 763 et
1022 703 1055 764 in
1075 711 1143 764 toto
1162 721 1290 784 corpore
1311 718 1325 766 5

217 786 341 850 lluotum
355 786 433 849 facit.
462 787 572 848 multos
593 788 654 848 scio
676 787 719 849 sic
734 787 871 867 periisse,
894 787 964 848 dum
986 787 1094 850 nolunt
1114 787 1171 850 sibi
1184 807 1289 852 rerum

218 871 334 934 dicore’.
365 872 473 952 gratias
488 872 601 951 agimus
616 872 781 934 liberalitati
796 873 1055 952 indulgentiaeque
1070 874 1149 948 eius,
1171 882 1201 934 et
1215 875 1289 937 suh·

218 956 287 1018 inde
308 957 484 1035 castigamus
503 957 617 1020 crebris
638 957 819 1038 potiunculis
839 957 941 1020 risum.
978 975 1035 1019 neo
1056 957 1152 1020 adhuc
1173 959 1289 1022 scieba-

219 1059 284 1102 mus
299 1060 355 1103 nos
370 1042 402 1102 in
417 1043 513 1104 medio
528 1043 723 1118 lautitiarum,
746 1044 825 1122 quod
841 1043 940 1118 aiunt,
955 1042 1029 1104 olivo
1044 1043 1188 1106 laborare.
1218 1064 1289 1108 nam

218 1143 286 1186 oum
301 1126 450 1190 mundatis
464 1128 502 1188 ad
516 1129 721 1208 symphoniam
732 1128 843 1190 mensis
857 1138 920 1190 tres
929 1127 989 1188 albi
1002 1146 1072 1190 sues
1083 1128 1114 1190 in
1126 1129 1290 1192 triclinium
1312 1143 1338 1193 te

218 1210 335 1272 adducti
343 1221 417 1274 sunt
428 1213 563 1292 capistris
573 1222 604 1273 et
614 1213 821 1275 tintinnabulis
832 1213 912 1287 culti,
929 1230 1057 1292 quorum
1067 1233 1162 1276 unum
1173 1214 1289 1278 bimum

219 1298 445 1360 nomenculator
465 1317 528 1360 esse
549 1298 679 1372 dicebat,
701 1299 825 1360 alterum
847 1299 983 1373 trimum,
1004 1299 1124 1360 tertium
1144 1317 1215 1362 vero
1230 1301 1288 1364 iarn

218 1399 395 1457 sexennem,
418 1402 475 1463 ogo
489 1383 631 1462 putabam
645 1384 867 1464 petauristarios
884 1384 1009 1446 intrasse
1024 1392 1053 1443 et
1067 1402 1192 1463 porcos,
1212 1385 1290 1448 sicut

218 1465 249 1528 in
266 1467 383 1530 circulis
397 1485 463 1530 mos
477 1478 532 1544 est,
546 1477 684 1547 portenta
699 1469 797 1547 aliqua
810 1470 955 1544 lectur-om
976 1470 1027 1530 sed
1043 1468 1220 1532 Trimalchio
1236 1490 1288 1533 en·

218 1553 384 1630 pectatione
405 1554 535 1617 discussa
550 1553 659 1632 ‘quern’
680 1554 778 1632 inquit
792 1559 838 1614 ‘ex
859 1554 901 1616 eis
916 1553 1002 1616 vultis
1022 1554 1054 1614 in
1070 1571 1174 1616 cenam
1189 1557 1288 1618 statim
1312 1568 1337 1618 ts

218 1635 303 1698 lieril
332 1639 439 1716 gallum
456 1640 535 1700 enim
551 1639 761 1719 gallinaceum,
776 1639 966 1718 penthiacum
979 1646 1008 1699 et
1023 1639 1167 1700 eiusmodi
1183 1642 1288 1703 nenias

218 1723 321 1786 rustici
335 1725 462 1785 faciunt:
479 1725 537 1786 mei
551 1725 616 1786 coei
631 1725 718 1788 etiam
730 1724 838 1786 vitulos
853 1743 928 1786 aeno
944 1733 1045 1785 coctos
1060 1725 1158 1788 solent
1171 1727 1287 1788 lacere’.

219 1808 421 1886 continuoque
447 1827 554 1870 cocum
575 1811 673 1871 vocari
699 1810 800 1882 iussit,
826 1819 855 1871 et
881 1828 942 1870 non
969 1819 1120 1889 expectata
1142 1810 1287 1873 electione

218 1900 318 1952 nostra
333 1893 493 1954 maximnm
509 1902 580 1956 natu
593 1894 680 1956 iussit
694 1894 803 1967 eooldi,
825 1903 855 1956 et
870 1894 948 1956 clara
961 1912 1049 1956 voce:
1071 1899 1116 1956 ‘ex
1131 1905 1222 1973 quota
1234 1897 1287 1958 de-

219 1977 301 2038 curia
315 1976 378 2039 esi'
408 1995 476 2039 curn
490 1979 539 2040 ille
554 1997 585 2040 se
601 1997 637 2040 ex
651 1979 875 2058 quadragesima
889 1979 1106 2058 respondisset,
1122 1982 1288 2060 ‘empticius
1310 1994 1336 2044 lt

218 2060 266 2126 an'
281 2062 379 2141 inquit
394 2063 483 2124 ‘domi
497 2061 616 2126 natusl'
646 2063 805 2126 ‘neutrum'
821 2064 918 2142 inquit
929 2083 1019 2125 cocus
1034 2065 1096 2126 ‘sed
1110 2073 1286 2129 testamento

219 2147 331 2210 Pansae
352 2147 406 2210 tibi
426 2149 547 2212 relictus
566 2149 651 2210 sum!
682 2149 755 2210 ‘vide
777 2149 857 2228 ergo’
875 2149 915 2210 ait
937 2153 980 2210 ‘ut
1000 2149 1157 2228 diligenter
1176 2171 1286 2231 ponas;

219 2232 243 2294 si
259 2251 336 2307 non,
359 2243 387 2296 te
403 2233 511 2297 iubebo
526 2235 558 2296 in
580 2234 729 2296 decuriam
744 2233 887 2299 viatorum
911 2234 1026 2296 eonioi.’
1056 2244 1087 2296 et
1101 2249 1206 2296 cocum
1221 2238 1287 2315 qui·
1369 2232 1370 2314 ξ

159 2309 200 2373 48
218 2317 285 2380 dem
299 2319 451 2398 potentiae
466 2321 648 2382 admonitum
670 2320 701 2400 in
723 2320 853 2382 culinam
871 2319 1028 2382 obsonium
1043 2319 1140 2394 duxit,
1163 2321 1287 2384 Trimal-

219 2403 286 2466 ohio
301 2413 398 2466 autem
414 2405 477 2466 miti
499 2405 536 2464 ad
558 2425 613 2468 nos
629 2405 711 2468 vultu
733 2405 864 2484 respexit
884 2413 914 2466 et
929 2405 1048 2466 ‘viuum'
1063 2405 1161 2484 inquit
1176 2407 1210 2468 ‘si
1225 2425 1286 2468 non
1311 2417 1335 2469 a

218 2489 323 2568 placet,
338 2490 473 2566 mutaho;
494 2510 546 2552 vos
558 2490 631 2552 illud
645 2499 764 2570 oportet
778 2490 891 2552 bonurn
905 2489 1027 2552 faciatis.
1055 2491 1180 2552 deorum
1195 2491 1288 2570 bene·

219 2572 286 2634 ticio
308 2593 369 2634 non
389 2593 471 2647 emo,
495 2575 546 2636 sed
568 2593 649 2636 nuno
671 2575 812 2654 quioquid
833 2575 869 2636 ad
890 2575 1007 2637 salivam
1028 2576 1112 2649 lacit,
1133 2575 1165 2638 in
1180 2576 1289 2638 subur-
1368 2593 1369 2598 ¹

162 2677 187 2725 t·
219 2656 297 2720 bano
318 2659 449 2721 nascitur
470 2677 521 2729 eo,
547 2659 628 2738 quod
649 2679 704 2738 ego
727 2658 822 2720 adhuc
843 2679 904 2721 non
927 2661 1003 2722 novi.
1039 2659 1148 2722 dicitur
1167 2663 1288 2724 confine

219 2761 283 2804 esse
309 2743 585 2806 Tarraciniensibus
610 2754 640 2807 et
659 2745 836 2806 Tarentinis.
873 2764 954 2806 nunc
980 2746 1163 2824 coniungere
1187 2747 1289 2826 agellis

220 2827 347 2891 Siciliam
368 2829 450 2904 volo,
472 2838 506 2889 ut
527 2848 595 2890 oum
609 2830 738 2892 Africam
759 2829 879 2892 libuerit
900 2830 956 2906 ire,
977 2849 1033 2910 per
1046 2849 1129 2894 meos
1144 2833 1219 2894 lines
1235 2852 1289 2897 ua·
1310 2844 1336 2894 tt

219 2912 322 2992 vigam.
358 2915 409 2976 sed
431 2931 519 2976 narra
539 2923 571 2975 tu
593 2915 681 2991 mibi,
707 2916 925 2995 Agamemnon,
948 2934 1034 2995 quam
1057 2917 1290 2980 controversiam

219 2997 306 3060 hodie
322 2997 513 3062 declamasti?
534 3018 589 3078 ego
605 3001 692 3062 etiam
707 3001 732 3062 si
746 3020 849 3063 causas
864 3021 925 3063 non
942 3020 1013 3081 ago,
1035 3001 1067 3063 in
1081 3003 1290 3064 domusionem

219 3094 317 3150 tamen
333 3086 434 3148 literas
449 3085 544 3146 didici.
575 3095 605 3147 et
619 3105 657 3148 ne
671 3104 720 3148 me
735 3095 822 3166 putes
836 3085 932 3148 studia
946 3087 1117 3160 fastiditum,
1133 3086 1159 3147 ll
1173 3086 1290 3167 byblio-

219 3170 320 3234 thecas
343 3171 454 3245 babeo,
484 3189 573 3232 unam
596 3170 752 3245 Graecam,
775 3171 897 3234 alteram
913 3171 1057 3234 Latinam.
1087 3171 1134 3234 dic
1154 3190 1242 3251 ergo,
1265 3175 1290 3235 si

219 3271 269 3315 me
281 3275 370 3329 amas,
386 3255 552 3336 peristasim
567 3257 788 3320 declamationis
803 3256 891 3320 tuae'.
920 3275 988 3319 cum
1004 3255 1123 3320 dixisset
1134 3256 1291 3336 Agamem·
1311 3267 1336 3316 et

220 3357 297 3401 non:
322 3345 446 3421 ‘pauper
465 3349 495 3404 et
514 3341 594 3404 dives
619 3342 731 3404 inimici
753 3341 856 3416 erant',
884 3341 923 3402 ait
943 3342 1121 3404 Trimalchio
1144 3343 1290 3422 ‘quidest

218 3421 366 3504 p'auperl'
386 3426 520 3488 ‘urbane'
540 3427 637 3507 inquit
656 3428 859 3507 Agamemnon
885 3436 914 3487 et
935 3429 1036 3489 neseio
1057 3446 1146 3508 quam
1166 3437 1289 3491 contro·
1366 3487 1367 3500 ,

218 3511 343 3573 versiam
364 3513 508 3592 exposuit.
538 3515 634 3574 statim
650 3513 828 3574 Trimalchio
850 3512 927 3572 ‘hoc’
942 3512 1041 3592 inquit
1057 3513 1091 3574 ‘si
1107 3515 1288 3587 factumest,

208 3597 419 3659 controversia
435 3617 495 3660 non
511 3608 570 3675 est;
587 3599 610 3661 si
625 3599 736 3660 lactum
751 3616 812 3660 non
828 3606 889 3671 est,
905 3598 979 3659 nihil
993 3599 1056 3660 est’.
1086 3599 1159 3660 baec
1174 3599 1289 3679 chaque

218 3699 286 3742 cnm
298 3683 481 3746 effusissimis
492 3701 741 3764 prosequeremur
752 3682 980 3756 laudationibus,
994 3682 1086 3762 ‘rogo’
1098 3683 1292 3764 inquit‘hga·
1313 3691 1339 3743 tt

306 3819 318 3868 1
338 3820 441 3869 conieci
458 3821 556 3870 mutare
576 3816 586 3884 ll
604 3821 619 3870 2
637 3818 709 3870 vetui
726 3816 736 3885 ΙΙ
752 3820 768 3870 9
786 3815 864 3886 qual!
885 3819 915 3870 te
933 3816 1119 3870 commendatis
1139 3817 1291 3888 Hsirmmfl

221 3885 251 3934 te
270 3897 357 3936 renem
368 3883 378 3953 ΙΙ
394 3889 424 3938 19
443 3885 479 3938 ait
497 3890 546 3938 out
562 3886 645 3952 inquil
658 3891 722 3952 post
740 3893 819 3953 quota
837 3884 1007 3938 ducendum
1024 3883 1034 3952 ΙΙ
1054 3889 1084 3938 et
1105 3890 1180 3937 natue
1198 3901 1227 3938 es
1244 3887 1293 3938 aad

218 3965 247 4002 es
263 3951 375 4024 delatum
388 3953 398 4020 ΙΙ
411 3956 443 4006 23
457 3953 559 4020 quidem
577 3967 667 4005 cocum
680 3953 815 4020 potentian
829 3955 862 4005 32
874 3957 961 4006 autem
972 3953 994 4005 si
1009 3952 1014 4023 Ι
1030 3953 1179 4020 divisione!
1192 3957 1225 4007 33
1238 3958 1291 4008 ires
