2780 4480
227 175 268 235 62
686 174 839 229 PETRONll

227 352 317 412 immo
332 351 448 431 quoties
468 350 631 425 theatrum,
653 358 687 411 ut
707 349 862 410 recitarem
885 348 1010 429 aliquid,
1031 349 1154 423 intravi,
1176 349 1235 412 hac
1262 369 1319 412 me
1338 358 1358 408 ι

227 436 389 498 adventicia
411 435 547 516 excipere
569 434 736 513 frequentia
766 434 849 495 solet.
900 444 1033 496 ceterum
1060 452 1098 495 ne
1121 430 1175 518 [et]
1197 443 1316 497 tecum

227 541 346 602 quoque
361 520 485 583 habeam
501 520 670 593 rixandum,
692 527 755 580 toto
777 519 824 581 die
845 538 892 580 me
915 520 951 581 ab
966 521 1025 581 hoc
1038 518 1104 581 cibo
1120 519 1314 582 abstineho’.

226 607 337 669 ‘immo’
359 609 480 685 inquam
496 623 551 684 ego
567 605 601 666 ‘si
616 605 714 667 eiuras
727 604 901 666 hodiernam
916 604 1022 678 bilem,
1043 623 1103 666 una
1118 604 1316 668 cenabimus'

757 711 774 748 t

311 777 418 838 mando
433 775 631 837 aedicularum
646 774 762 836 custodi
777 775 900 836 cenulae
915 773 1046 836 olllcium
1335 787 1348 834 5

167 946 205 1008 91
312 945 395 1006 bueo
419 944 525 1006 ortona
547 964 616 1006 cum
638 945 737 1007 tintus
751 881 795 1006 *et
816 945 977 1024 strigilibus
999 943 1104 1025 parieti
1126 917 1310 1024 appositum

227 1032 339 1096 tristem
363 1031 589 1110 confusumque.
626 1029 734 1104 scires,
757 1049 818 1091 nou
841 1029 969 1092 libenter
990 1029 1107 1091 servire.
1144 1029 1249 1108 itaque
1273 1040 1311 1092 ut

227 1116 463 1196 experimentum
478 1116 633 1178 oculorum
649 1133 785 1196 caperem
1039 1135 1040 1140 ¹

227 1201 371 1266 convertit
385 1201 434 1262 ille
449 1202 577 1263 solutum
592 1201 700 1280 gaudio
721 1201 833 1262 rtrltum
856 1210 886 1262 et
901 1199 1061 1262 ‘miserere’
1077 1198 1175 1279 iuquit
1189 1201 1307 1262 frater.

226 1287 277 1350 uhi
300 1303 463 1348 armanno
487 1295 572 1361 sunt,
595 1285 688 1348 libere
709 1285 825 1364 loquor.
868 1285 949 1365 eripe
975 1302 1023 1346 me
1045 1284 1152 1346 latroni
1173 1295 1308 1349 cruento
1330 1296 1354 1345 tt

226 1383 256 1435 et
270 1371 401 1450 qualibet
415 1372 532 1433 saevitia
548 1372 758 1451 paenitentiam
780 1371 883 1433 iudicis
905 1371 948 1432 tui
962 1370 1046 1450 puni.
1074 1369 1145 1432 satis
1156 1388 1307 1450 magnum

226 1459 283 1522 erit
303 1456 412 1519 misero
435 1456 591 1532 solacium,
614 1465 665 1532 tua
686 1455 836 1517 voluntate
852 1455 1012 1518 cecidisse'.
1042 1455 1229 1536 supprimere
1245 1476 1305 1537 ego

226 1542 388 1625 querellam
413 1541 517 1616 iubeo,
548 1561 586 1603 ne
613 1542 678 1621 quis
703 1541 826 1602 consilia
851 1541 1103 1620 deprehenderet,
1135 1540 1305 1621 relictoque

225 1627 372 1708 Eumolpo
387 1663 429 1673 —
445 1645 513 1688 nam
529 1627 559 1688 in
575 1626 682 1688 balneo
694 1644 814 1688 carmen
826 1625 969 1689 recitabat
983 1663 1026 1672 -
1039 1643 1095 1705 per
1105 1622 1304 1688 tenebrosum

225 1724 256 1777 et
276 1713 429 1776 sordidum
451 1731 604 1792 egressum
627 1712 749 1774 extraho
772 1711 879 1773 Gitona
900 1711 1069 1790 raptimque
1091 1711 1122 1772 in
1136 1711 1303 1791 hospitium
1326 1719 1352 1770 15

225 1818 325 1861 meum
351 1798 481 1878 pervolo.
518 1797 681 1877 praeclusis
706 1797 812 1858 deinde
837 1795 952 1858 foribus
976 1796 1083 1857 invado
1107 1804 1213 1876 pectus
1237 1815 1302 1859 am·

224 1883 360 1965 plexibus
382 1891 412 1942 et
433 1883 586 1962 perfusum
609 1901 642 1943 os
656 1881 785 1942 lacrimis
806 1881 898 1942 vultui
919 1899 985 1942 mco
1001 1899 1136 1942 consero.
1181 1881 1233 1943 diu
1248 1901 1301 1944 vo-

225 1987 291 2030 cem
307 1975 413 2028 neuter
428 1966 555 2044 invenit;
571 1985 639 2028 uam
655 1983 731 2045 puer
746 1965 834 2026 etiam
849 1965 1029 2044 singultibus
1043 1966 1157 2028 crebris
1171 1966 1300 2029 amabile

225 2060 330 2134 pectus
345 2061 543 2130 quassaverat.
573 2057 600 2111 ‘o
616 2049 740 2112 facinus'
763 2049 901 2129 inquam,
924 2051 1103 2130 indignum,
1127 2053 1207 2130 quod
1230 2071 1298 2114 amo

225 2148 254 2200 te
269 2137 401 2217 quamvis
416 2137 546 2212 relictus,
562 2143 591 2198 et
605 2136 636 2196 in
652 2135 710 2196 hoc
724 2143 856 2214 pectore,
871 2154 939 2197 cum
956 2137 1062 2198 vulnus
1076 2138 1183 2216 iugens
1197 2137 1298 2215 fuerit,
1320 2145 1349 2195 20

225 2223 345 2285 cicatrix
360 2242 422 2284 uon
439 2232 491 2284 est.
522 2221 593 2301 quid
608 2220 690 2295 dicis,
706 2221 856 2302 peregrini
873 2222 981 2284 amoris
995 2220 1172 2284 concessio?
1190 2222 1299 2303 dignus

224 2311 279 2371 hac
297 2308 404 2370 iniuria
426 2306 498 2369 futt’
520 2316 677 2388 postquam
700 2326 732 2368 se
754 2307 844 2368 amari
866 2308 974 2382 sensit,
997 2307 1189 2388 supercilium
1211 2309 1300 2371 altius

223 2395 341 2457 sustulit

751 2493 767 2526 «Ι

311 2567 377 2625 ‘uec
399 2563 508 2624 amoris
529 2562 684 2623 arbitrium
706 2563 742 2623 ad
764 2560 853 2623 alium
877 2561 1005 2622 iudicem
1026 2562 1125 2622 detuli.
1155 2564 1208 2625 sed
1224 2565 1300 2626 nihil

225 2651 283 2710 iam
294 2665 414 2726 queror,
428 2646 502 2709 nihil
512 2646 570 2706 iam
582 2647 713 2722 memini,
725 2647 749 2708 si
761 2646 840 2708 bona
851 2646 908 2706 fide
917 2645 1128 2725 paenitentiam
1137 2650 1299 2712 emendas'.
1320 2654 1349 2704 25

225 2735 297 2794 haec
312 2750 381 2793 cum
396 2732 473 2792 inter
488 2732 614 2810 gemitus
628 2731 822 2812 lacrimasque
837 2731 992 2805 fudissem,
1009 2731 1130 2794 detersit
1144 2733 1194 2794 ille
1208 2735 1299 2814 pallio

224 2819 337 2879 vultum
349 2825 380 2877 et
394 2815 523 2895 ‘quaeso'
538 2815 636 2894 inquit
648 2816 794 2897 ‘Encolpi
809 2817 897 2878 fldem
908 2816 1067 2878 memoriae
1078 2825 1146 2878 tuae
1161 2821 1298 2900 appello:

224 2923 280 2984 ego
295 2911 324 2963 te
340 2901 461 2980 reliqui,
484 2919 521 2962 an
543 2910 575 2961 tu
598 2919 646 2962 mc
660 2899 836 2981 prodidisti?
859 2902 996 2981 equidem
1011 2903 1105 2963 fateor
1120 2912 1149 2964 et
1163 2923 1235 2984 prae
1249 2924 1299 2967 me

223 2990 303 3051 fero:
327 3004 396 3049 cum
410 2987 485 3048 duos
499 2994 628 3048 armatos
642 2988 790 3062 viderem,
813 2987 848 3048 ad
871 2987 1023 3049 fortiorem
1040 2989 1180 3067 confugi'.
1210 3009 1298 3053 exos·

223 3075 337 3137 oulatus
359 3079 462 3154 pectus
484 3071 628 3152 sapientia
650 3073 772 3152 plenum
788 3071 876 3134 inieci
891 3071 1053 3134 cervicibus
1069 3091 1189 3149 manus,
1212 3084 1242 3136 ct
1264 3085 1300 3138 ut
1318 3077 1348 3129 3⁰

223 3161 307 3222 facile
319 3159 504 3238 intellegeret
515 3156 626 3220 redisse
641 3175 688 3218 me
700 3156 731 3220 in
743 3158 864 3236 gratim
881 3165 910 3219 et
925 3157 1034 3237 optimu
1048 3159 1106 3220 fide
1119 3159 1298 3223 reviviscen-

223 3253 283 3306 tem
298 3244 462 3318 amicitiam,
477 3251 540 3305 toto
553 3251 675 3323 pectore
690 3241 842 3304 adstrinxi.

164 3330 205 3390 92
309 3338 339 3389 et
360 3329 417 3389 iam
438 3328 527 3407 plena
542 3347 602 3390 nox
624 3334 686 3388 erat
711 3327 876 3408 mulierque
898 3345 989 3390 cenae
1010 3328 1146 3390 mandata
1173 3347 1298 3392 curave-

224 3423 284 3489 rat,
307 3431 375 3474 cum
390 3413 553 3493 Eumolpus
568 3413 675 3476 ostium
689 3412 795 3494 pulsat.
831 3412 984 3494 interrogo
1000 3431 1071 3493 ego:
1094 3419 1178 3493 ‘quot
1191 3414 1298 3477 estis‘f'

224 3498 380 3577 obiterque
401 3515 455 3578 per
474 3498 577 3560 rimam
599 3499 672 3559 foris
692 3497 839 3577 speculari
860 3497 1082 3578 diligentissime
1097 3499 1197 3580 coepi,
1221 3519 1298 3563 uum
1317 3509 1346 3558 35

222 3584 357 3665 Ascyltos
371 3602 430 3645 una
445 3583 581 3645 venisset.
615 3583 720 3646 deinde
735 3592 768 3644 ut
783 3583 878 3645 solnm
894 3583 1040 3664 hospitem
1052 3583 1120 3660 vidi,
1143 3595 1297 3648 momento

309 3735 383 3787 lhic
400 3736 442 3787 vet
458 3734 505 3786 bec
519 3732 556 3802 113
574 3736 653 3786 rixam
667 3734 825 3786 bichardus.
854 3736 948 3786 dubito
965 3737 1055 3784 actm
1072 3751 1108 3785 an
1125 3737 1222 3786 omissa
1238 3739 1299 3788 sint
1381 3771 1382 3810 q

223 3803 288 3854 tulta
312 3803 470 3855 mehercules
494 3803 544 3854 iam
562 3803 572 3870 ΙΙ
593 3806 620 3856 11
647 3803 800 3855 sententiam
818 3817 871 3868 pro
894 3801 1078 3869 paenitentiam
1103 3802 1299 3869 Scolr'geranua

217 3872 309 3938 primo
323 3874 332 3933 l
347 3874 375 3922 lt
394 3871 469 3923 vultu
486 3885 544 3923 meo
562 3875 666 3924 contero
683 3871 692 3939 [Ι
711 3874 744 3923 24
761 3869 809 3922 tuli
826 3875 876 3922 aut
892 3869 950 3922 tulit
965 3865 976 3936 Ι
997 3871 1029 3920 25
1047 3871 1200 3924 senteutiam
1217 3877 1298 3924 reeta·-

225 3938 350 3990 tuandum
369 3941 465 4003 opinor
482 3940 581 3990 iterum
594 3937 605 4005 fl
616 3941 646 3990 dl
667 3953 702 3988 an
719 3937 890 3990 reviviscere?
