2780 4480
216 203 258 264 72
677 205 830 262 PETRONll

138 377 273 446 ldbnisi
289 397 356 439 oum
372 379 476 458 pelago
491 386 596 440 ventus
611 376 765 440 irascitur’.
795 375 951 437 excanduit
961 374 1067 438 Lichas
1081 376 1138 438 hoo
1149 393 1295 440 sermone
1316 387 1336 438 1,

215 465 351 526 turbatus
366 471 395 525 et
410 464 508 525 ‘itane’
523 461 621 542 inquit
633 462 764 543 ‘capillos
775 460 880 540 aliquis
892 460 922 522 in
935 477 1009 521 nave
1023 460 1174 540 praecidit,
1191 471 1221 523 et
1233 463 1297 526 hoc

217 557 305 611 nocte
316 546 515 629 intempesta?
530 548 666 610 attrahite
683 547 765 608 ocius
781 553 925 607 nocentes
939 545 969 606 in
985 545 1124 621 medium,
1141 555 1174 608 ut
1188 548 1291 624 sciam,

217 653 343 715 quorum
360 633 505 714 capitibus
519 633 625 695 debeat
640 632 788 712 navigium
799 629 936 692 lustrari’.
968 631 1042 710 ‘ego’
1058 631 1156 710 inquit
1167 631 1292 696 Eumol-

216 737 272 800 pus
296 720 362 781 ‘hoc
383 719 464 780 iussi.
501 718 601 779 necin
625 719 729 779 eodem
752 719 870 778 futurus
892 715 1008 796 navigio
1031 716 1195 796 auspicium
1219 718 1292 778 mihi
1316 731 1332 780 5

215 803 282 880 leci,
301 806 351 867 sed
367 804 436 883 quia
451 811 594 865 nocentes
609 804 745 865 horridos
760 802 924 880 longosque
939 800 1089 862 habebant
1103 801 1234 881 capillos,
1253 821 1292 864 ne

215 889 331 951 viderer
353 889 388 950 de
404 907 477 949 nave
500 905 650 950 carcerem
671 890 785 962 lacere,
808 886 880 948 iussi
895 886 1062 964 squalorem
1077 886 1224 949 damnatis
1238 905 1292 948 au·

218 975 306 1050 lerri;
321 973 409 1036 simul
421 982 452 1034 ut
464 981 551 1035 notae
567 991 685 1052 quoque
698 973 848 1034 literarum
861 989 922 1033 non
935 971 1125 1032 adumbratae
1137 991 1291 1034 comarum

216 1057 361 1139 praesidio
377 1066 456 1120 totae
467 1060 503 1120 ad
518 1058 621 1121 oculos
632 1058 794 1138 legentium
805 1055 983 1118 acciderent.
1012 1057 1092 1118 inter
1103 1065 1201 1118 cetera
1212 1059 1292 1138 apud

217 1161 406 1205 communem
421 1144 544 1204 amicam
559 1150 811 1223 consumpserunt
824 1141 982 1220 pecuniam
995 1157 1105 1216 meam,
1121 1161 1138 1203 a
1153 1159 1210 1222 qua
1226 1143 1293 1205 illos
1317 1157 1345 1207 le

216 1229 349 1309 proxima
372 1237 460 1291 nocte
482 1229 592 1290 extraxi
618 1247 700 1290 mero
723 1226 943 1307 unguentisque
965 1228 1110 1306 perfusos.
1147 1229 1183 1288 ad
1210 1245 1293 1290 sum-

216 1331 303 1389 mam,
318 1314 414 1375 adhue
428 1314 599 1394 patrimonii
613 1313 671 1374 mei
689 1312 828 1392 reliquias
843 1311 933 1373 olent’

745 1411 763 1444 f

303 1467 401 1547 itaquo
415 1475 449 1528 ut
461 1467 551 1528 tutela
568 1468 650 1529 navis
665 1460 849 1546 expiaretur,
871 1464 981 1545 placuit
996 1463 1200 1544 quadragenas
1216 1467 1293 1528 utri-

217 1569 275 1630 que
290 1551 390 1632 plagas
405 1552 527 1632 imponi.
571 1553 652 1616 nulla
668 1571 738 1633 ergo
754 1553 788 1612 lit
801 1569 898 1612 mora:
929 1548 1142 1630 aggrediuntur
1164 1569 1221 1612 nos
1243 1551 1293 1612 lu-

217 1645 318 1699 rentes
326 1646 432 1699 nautae
443 1656 512 1700 cum
523 1638 856 1718 lunibustemptantque
867 1635 1007 1697 vilissimo
1015 1634 1160 1714 sanguine
1168 1635 1292 1698 tutelam
1317 1653 1344 1702 15

217 1723 343 1801 placare.
374 1731 403 1784 et
417 1741 473 1803 ego
489 1724 607 1801 quidem
629 1732 690 1785 tres
712 1723 813 1802 plagas
828 1722 971 1800 Spartana
987 1719 1139 1782 nobilitate
1154 1722 1292 1783 contexi.

218 1815 350 1868 ceterum
367 1807 453 1868 Giton
469 1808 560 1869 semel
574 1809 650 1870 ictus
665 1817 724 1870 tam
738 1808 821 1868 valde
840 1805 1025 1879 exclamavit,
1048 1813 1081 1865 ut
1096 1804 1292 1884 Tryphaenae

218 1909 304 1952 aures
327 1891 479 1953 notissima
493 1910 566 1953 voce
580 1893 717 1971 repleret.
755 1910 817 1952 non
833 1891 929 1952 solum
951 1908 1001 1950 era
1022 1888 1140 1951 turbata
1154 1899 1216 1965 est,
1239 1893 1292 1954 sed

217 1974 340 2036 ancillae
356 1975 444 2038 etiam
466 1995 570 2038 omnes
591 1977 726 2038 familiari
740 1995 816 2038 sono
833 1975 971 2036 inductae
985 1975 1020 2036 ad
1036 1974 1224 2054 vapulantem
1239 1977 1307 2038 de-'

218 2067 352 2122 currunt.
388 2059 446 2121 iam
462 2061 548 2122 Giton
573 2061 698 2123 mirabili
720 2063 815 2122 lorma
836 2069 1034 2122 exarmaverat
1056 2067 1160 2122 nautas
1182 2079 1292 2141 coepe·
1315 2076 1344 2127 to

217 2153 323 2225 ratque
338 2144 424 2207 etiam
440 2145 504 2208 sina
525 2165 598 2208 voce
620 2147 782 2208 saevientes
799 2163 920 2224 rogare,
943 2163 1011 2206 oum
1034 2144 1158 2207 ancillae
1181 2145 1293 2224 pariter

217 2231 416 2311 proclamant:
445 2230 543 2293 ‘Giton
567 2239 626 2307 est,
650 2232 754 2309 Giton,
778 2231 910 2294 inhibete
932 2229 1149 2292 crudelissimas
1171 2249 1292 2309 manus3

218 2316 307 2379 Giton
331 2325 391 2392 est,
414 2315 547 2394 domina,
571 2318 730 2381 succurre’.
776 2316 905 2378 deflectit
925 2333 1012 2379 aures
1035 2314 1213 2395 Tryphaena
1234 2316 1293 2378 iam

217 2419 271 2464 sua
293 2411 400 2482 sponte
428 2402 583 2465 credentes
609 2404 775 2484 raptimque
802 2403 837 2464 ad
865 2419 992 2482 puerum
1016 2399 1139 2461 devolat.
1176 2400 1292 2477 Lichas,

218 2487 270 2566 qui
284 2504 332 2548 me
347 2487 457 2567 optime
472 2495 603 2562 noverat,
618 2497 757 2567 tanquam
774 2497 802 2549 et
817 2488 881 2566 ipse
891 2505 993 2549 vocem
1009 2485 1146 2560 audisset,
1161 2487 1294 2550 accurrit
1312 2500 1346 2550 25

218 2579 248 2632 et
269 2589 326 2633 nec
348 2589 454 2634 manus
477 2591 532 2633 nec
554 2573 658 2634 faciem
681 2591 777 2636 meam
801 2571 1012 2646 consideravit,
1028 2571 1077 2632 sed
1095 2569 1241 2634 continuo
1257 2574 1293 2634 ad
1381 2645 1382 2658 χ

217 2655 342 2733 inguina
356 2673 421 2716 mea
436 2656 599 2718 luminibus
613 2657 733 2719 deflexis
744 2657 833 2720 movit
845 2657 1006 2718 officiosam
1017 2663 1181 2716 manumet
1195 2657 1293 2720 ‘salve'
1381 2689 1382 2726 2

217 2739 316 2819 inquit
345 2739 500 2820 ‘Encolpi'.
517 2791 522 2822 ,
539 2741 663 2803 miretur
692 2760 773 2804 nune
802 2741 907 2820 aliquis
933 2741 1022 2804 Vlixis
1051 2742 1199 2802 nutricem
1224 2751 1295 2823 post
1381 2727 1382 2796 l

216 2824 388 2886 vicesimum
410 2842 523 2887 annum
545 2826 712 2889 cicatricem
737 2826 886 2889 invenisse
908 2827 1031 2905 originis
1051 2825 1196 2902 indicem,
1222 2847 1293 2890 oum

218 2910 308 2972 homo
323 2910 572 2990 prudentissimus
594 2913 727 2974 confusis
750 2911 888 2974 omnibus
903 2911 1039 2992 eorporis
1057 2911 1177 2991 orisque
1199 2912 1294 2976 linca—
1314 2924 1347 2975 au

219 2995 327 3058 mentis
349 2995 384 3056 ad
407 2995 529 3058 unicum
551 2997 665 3076 fugitivi
687 3006 895 3077 argumentum
916 3006 975 3060 tam
1002 2998 1087 3058 docte
1113 2999 1293 3076 pervenerit.

219 3081 395 3163 Tryphaena
410 3081 544 3144 lacrimas
565 3083 668 3144 effudit
682 3083 805 3164 deceptu
823 3082 969 3164 supplicio
984 3117 1027 3128 -
1041 3099 1109 3142 vera
1124 3083 1205 3144 enirn
1219 3084 1294 3164 stig-

218 3175 296 3228 mata
320 3167 459 3230 credebat
484 3167 666 3248 captivorum
692 3168 841 3231 frontibus
863 3169 1005 3248 impressa
1030 3201 1066 3212 -
1090 3167 1294 3249 sciscitarique

219 3251 392 3314 submissius
414 3253 526 3332 coepit,
549 3253 629 3334 quod
650 3254 830 3332 ergastulum
850 3253 1056 3333 intercepisset
1070 3261 1219 3328 errantes,
1242 3262 1294 3315 aut

219 3335 303 3398 cuius
317 3343 375 3397 tam
388 3338 522 3401 crudeles
532 3355 638 3400 manus
649 3337 680 3400 in
696 3340 753 3400 hoc
763 3338 940 3419 supplicium
953 3339 1118 3402 durassent.
1148 3339 1295 3401 meruisse
1316 3347 1348 3398 35

220 3421 339 3501 quidem
360 3423 567 3486 contumeliam
589 3424 716 3504 aliquam
737 3424 888 3504 fugitivos,
912 3423 1020 3504 quibus
1037 3424 1068 3486 in
1092 3423 1191 3486 odium
1212 3423 1295 3486 bona

218 3525 272 3570 sua
285 3505 436 3568 venissent

141 3595 202 3658 106
220 3592 384 3654 concitatus
405 3591 556 3656 iracundia
578 3593 705 3673 prosiliit
726 3593 832 3656 Lichas
852 3602 882 3656 et
901 3600 930 3656 ‘o
953 3595 991 3657 te’
1017 3593 1115 3671 inquit
1141 3593 1294 3655 ‘laminam

219 3677 398 3757 simplicem,
425 3685 566 3758 tunquam
585 3678 707 3741 vulnera
735 3680 815 3741 ferro
835 3689 1009 3760 praeparata
1028 3679 1126 3739 literas
1151 3677 1295 3740 biberint.

219 3761 331 3824 utinam
347 3762 465 3842 quidem
480 3763 535 3827 bac
551 3783 582 3826 se
596 3764 790 3844 inscriptione
812 3765 919 3827 frontis
934 3763 1145 3825 maculassenta
1160 3763 1296 3842 habere·
1319 3773 1351 3825 lo

305 3914 320 3963 5
339 3927 386 3965 nee
404 3929 454 3966 non
468 3911 558 3966 eodem
571 3913 581 3982 y
593 3917 608 3967 8
620 3913 736 3975 fortasse
749 3912 935 3982 obumbratae!
951 3915 981 3964 ta
1000 3913 1084 3966 solum
1101 3927 1162 3978 ergo
1174 3911 1184 3982 ll
1198 3916 1230 3967 30
1245 3915 1295 3966 im·

219 3978 430 4050 prudentissimus
448 3980 597 4046 Scioppius,
615 3979 816 4047 pudentissimos
827 3981 919 4032 Domo
934 3977 940 4046 Ι
955 3981 1068 4046 corpori·
1086 3981 1294 4052 iudiciorumque
