<?xml version="1.0" encoding="UTF-8"?>
<!DOCTYPE html PUBLIC "-//W3C//DTD XHTML 1.0 Transitional//EN"
    "http://www.w3.org/TR/xhtml1/DTD/xhtml1-transitional.dtd">
<html xmlns="http://www.w3.org/1999/xhtml" xml:lang="en" lang="en">
 <head>
  <title>
</title>
<meta http-equiv="Content-Type" content="text/html;charset=utf-8" />
  <meta name='ocr-system' content='tesseract 3.04.00' />
  <meta name='ocr-capabilities' content='ocr_page ocr_carea ocr_par ocr_line ocrx_word'/>
</head>
<body>
  <div class='ocr_page' id='page_1' title='image "./satiraeetliberp00arbigoog_0020.png"; bbox 0 0 2772 4476; ppageno 0'>
   <div class='ocr_carea' id='block_1_1' title="bbox 572 179 1174 240">
    <p class='ocr_par' dir='ltr' id='par_1_1' title="bbox 572 179 1174 240">
     <span class='ocr_line' id='line_1_1' title="bbox 572 179 1174 240; baseline 0.012 -8"><span class='ocrx_word' id='word_1_1' title='bbox 572 179 715 233; x_wconf 76' lang='lat' dir='ltr'>SA&#39;l&#39;lell</span> <span class='ocrx_word' id='word_1_2' title='bbox 1134 179 1174 240; x_wconf 78' lang='grc'>13</span> 
     </span>
    </p>
   </div>
   <div class='ocr_carea' id='block_1_2' title="bbox 31 352 1329 2059">
    <p class='ocr_par' dir='ltr' id='par_1_2' title="bbox 55 352 1176 690">
     <span class='ocr_line' id='line_1_2' title="bbox 55 352 1176 435; baseline 0.004 -23"><span class='ocrx_word' id='word_1_3' title='bbox 55 361 79 412; x_wconf 81' lang='grc' dir='ltr'>Ι,</span> <span class='ocrx_word' id='word_1_4' title='bbox 98 364 129 416; x_wconf 92' lang='lat' dir='ltr'>et</span> <span class='ocrx_word' id='word_1_5' title='bbox 143 352 297 416; x_wconf 84' lang='lat' dir='ltr'>sordidam</span> <span class='ocrx_word' id='word_1_6' title='bbox 315 361 421 414; x_wconf 66' lang='lat' dir='ltr'>mucre</span> <span class='ocrx_word' id='word_1_7' title='bbox 441 352 594 432; x_wconf 88' lang='lat' dir='ltr'>coepimus</span> <span class='ocrx_word' id='word_1_8' title='bbox 607 353 739 414; x_wconf 84' lang='lat' dir='ltr'>tunicam</span> <span class='ocrx_word' id='word_1_9' title='bbox 756 361 845 431; x_wconf 88' lang='lat' dir='ltr'>atque</span> <span class='ocrx_word' id='word_1_10' title='bbox 866 354 969 415; x_wconf 88' lang='lat' dir='ltr'>eadem</span> <span class='ocrx_word' id='word_1_11' title='bbox 982 355 1091 417; x_wconf 83' lang='lat' dir='ltr'>invidia</span> <span class='ocrx_word' id='word_1_12' title='bbox 1104 373 1176 435; x_wconf 86' lang='lat' dir='ltr'>pm-</span> 
     </span>
     <span class='ocr_line' id='line_1_3' title="bbox 97 437 1176 520; baseline 0.001 -20"><span class='ocrx_word' id='word_1_13' title='bbox 97 440 245 512; x_wconf 89' lang='lat' dir='ltr'>clamare‚</span> <span class='ocrx_word' id='word_1_14' title='bbox 268 447 372 500; x_wconf 82' lang='lat' dir='ltr'>nostra</span> <span class='ocrx_word' id='word_1_15' title='bbox 389 457 455 500; x_wconf 86' lang='lat' dir='ltr'>esse</span> <span class='ocrx_word' id='word_1_16' title='bbox 472 438 567 518; x_wconf 90' lang='lat' dir='ltr'>spolia</span> <span class='ocrx_word' id='word_1_17' title='bbox 581 456 657 516; x_wconf 91' lang='lat' dir='ltr'>quae</span> <span class='ocrx_word' id='word_1_18' title='bbox 676 437 718 498; x_wconf 90' lang='lat' dir='ltr'>illi</span> <span class='ocrx_word' id='word_1_19' title='bbox 732 439 928 518; x_wconf 77' lang='lat' dir='ltr'><strong>possiderent.</strong></span> <span class='ocrx_word' id='word_1_20' title='bbox 957 440 1008 501; x_wconf 90' lang='lat' dir='ltr'>sed</span> <span class='ocrx_word' id='word_1_21' title='bbox 1026 441 1109 502; x_wconf 91' lang='lat' dir='ltr'>nullo</span> <span class='ocrx_word' id='word_1_22' title='bbox 1123 459 1176 520; x_wconf 79' lang='lat' dir='ltr'>ge-</span> 
     </span>
     <span class='ocr_line' id='line_1_4' title="bbox 99 519 1176 607; baseline 0 -21"><span class='ocrx_word' id='word_1_23' title='bbox 99 543 175 586; x_wconf 87' lang='lat' dir='ltr'>nere</span> <span class='ocrx_word' id='word_1_24' title='bbox 190 541 246 604; x_wconf 91' lang='lat' dir='ltr'>par</span> <span class='ocrx_word' id='word_1_25' title='bbox 267 531 332 585; x_wconf 89' lang='lat' dir='ltr'>erat</span> <span class='ocrx_word' id='word_1_26' title='bbox 346 540 448 598; x_wconf 87' lang='lat' dir='ltr'>causa,</span> <span class='ocrx_word' id='word_1_27' title='bbox 470 519 564 606; x_wconf 83' lang='lat' dir='ltr'>[nam]</span> <span class='ocrx_word' id='word_1_28' title='bbox 579 531 609 584; x_wconf 89' lang='lat' dir='ltr'>et</span> <span class='ocrx_word' id='word_1_29' title='bbox 630 523 783 586; x_wconf 77' lang='lat' dir='ltr'>coctiones</span> <span class='ocrx_word' id='word_1_30' title='bbox 803 524 855 603; x_wconf 93' lang='lat' dir='ltr'>qui</span> <span class='ocrx_word' id='word_1_31' title='bbox 875 524 912 584; x_wconf 91' lang='lat' dir='ltr'>ad</span> <span class='ocrx_word' id='word_1_32' title='bbox 928 524 1087 607; x_wconf 84' lang='lat' dir='ltr'>clamorem</span> <span class='ocrx_word' id='word_1_33' title='bbox 1102 543 1176 587; x_wconf 85' lang='lat' dir='ltr'>eon·</span> 
     </span>
     <span class='ocr_line' id='line_1_5' title="bbox 98 589 1176 690; baseline 0 -20"><span class='ocrx_word' id='word_1_34' title='bbox 98 611 265 685; x_wconf 87' lang='lat' dir='ltr'>fluxerant,</span> <span class='ocrx_word' id='word_1_35' title='bbox 281 618 417 670; x_wconf 87' lang='lat' dir='ltr'>nostram</span> <span class='ocrx_word' id='word_1_36' title='bbox 430 608 545 670; x_wconf 88' lang='lat' dir='ltr'>scilicet</span> <span class='ocrx_word' id='word_1_37' title='bbox 557 609 595 669; x_wconf 92' lang='lat' dir='ltr'>de</span> <span class='ocrx_word' id='word_1_38' title='bbox 609 627 693 670; x_wconf 91' lang='lat' dir='ltr'>more</span> <span class='ocrx_word' id='word_1_39' title='bbox 706 608 843 670; x_wconf 89' lang='lat' dir='ltr'>ridebant</span> <span class='ocrx_word' id='word_1_40' title='bbox 857 589 1106 690; x_wconf 57' lang='lat' dir='ltr'>induod‘sst&#39;quod</span> <span class='ocrx_word' id='word_1_41' title='bbox 1120 628 1176 689; x_wconf 92' lang='lat' dir='ltr'>pro</span> 
     </span>
    </p>

    <p class='ocr_par' dir='ltr' id='par_1_3' title="bbox 60 693 1240 1116">
     <span class='ocr_line' id='line_1_6' title="bbox 60 693 1240 790; baseline 0.001 -34"><span class='ocrx_word' id='word_1_42' title='bbox 60 707 75 756; x_wconf 84' lang='lat'>5</span> <span class='ocrx_word' id='word_1_43' title='bbox 97 695 148 757; x_wconf 89' lang='lat' dir='ltr'>illa</span> <span class='ocrx_word' id='word_1_44' title='bbox 163 703 250 774; x_wconf 86' lang='lat' dir='ltr'>parte</span> <span class='ocrx_word' id='word_1_45' title='bbox 259 693 451 756; x_wconf 78' lang='lat' dir='ltr'>vindicabant</span> <span class='ocrx_word' id='word_1_46' title='bbox 462 694 706 774; x_wconf 75' lang='lat' dir='ltr'>pretiosissimam</span> <span class='ocrx_word' id='word_1_47' title='bbox 719 703 840 768; x_wconf 85' lang='lat' dir='ltr'>vestem,</span> <span class='ocrx_word' id='word_1_48' title='bbox 855 713 912 774; x_wconf 91' lang='lat' dir='ltr'>pro</span> <span class='ocrx_word' id='word_1_49' title='bbox 925 695 981 757; x_wconf 89' lang='lat' dir='ltr'>bac</span> <span class='ocrx_word' id='word_1_50' title='bbox 996 695 1176 775; x_wconf 74' lang='lat' dir='ltr'>pannuciam</span> <span class='ocrx_word' id='word_1_51' title='bbox 1185 724 1240 790; x_wconf 53' lang='lat' dir='ltr'>q</span> 
     </span>
     <span class='ocr_line' id='line_1_7' title="bbox 100 765 1177 859; baseline -0.001 -17"><span class='ocrx_word' id='word_1_52' title='bbox 100 799 142 842; x_wconf 89' lang='lat' dir='ltr'>ne</span> <span class='ocrx_word' id='word_1_53' title='bbox 156 765 339 842; x_wconf 70' lang='lat' dir='ltr'>coronulis</span> <span class='ocrx_word' id='word_1_54' title='bbox 353 779 474 858; x_wconf 90' lang='lat' dir='ltr'>quidem</span> <span class='ocrx_word' id='word_1_55' title='bbox 488 779 578 840; x_wconf 90' lang='lat' dir='ltr'>bonis</span> <span class='ocrx_word' id='word_1_56' title='bbox 598 779 728 858; x_wconf 85' lang='lat' dir='ltr'>dignam.</span> <span class='ocrx_word' id='word_1_57' title='bbox 758 780 829 840; x_wconf 92' lang='lat' dir='ltr'>bino</span> <span class='ocrx_word' id='word_1_58' title='bbox 843 779 978 859; x_wconf 77' lang='lat' dir='ltr'><strong>Ascyltos</strong></span> <span class='ocrx_word' id='word_1_59' title='bbox 992 781 1069 843; x_wconf 90' lang='lat' dir='ltr'>bene</span> <span class='ocrx_word' id='word_1_60' title='bbox 1084 781 1177 842; x_wconf 89' lang='lat' dir='ltr'>risum</span> 
     </span>
     <span class='ocr_line' id='line_1_8' title="bbox 100 863 1237 945; baseline -0.003 -18"><span class='ocrx_word' id='word_1_61' title='bbox 100 865 255 938; x_wconf 79' lang='lat' dir='ltr'>discussit,</span> <span class='ocrx_word' id='word_1_62' title='bbox 278 865 331 943; x_wconf 93' lang='lat' dir='ltr'>qui</span> <span class='ocrx_word' id='word_1_63' title='bbox 351 865 471 926; x_wconf 89' lang='lat' dir='ltr'>silentio</span> <span class='ocrx_word' id='word_1_64' title='bbox 492 865 570 925; x_wconf 86' lang='lat' dir='ltr'>lacto</span> <span class='ocrx_word' id='word_1_65' title='bbox 585 863 736 926; x_wconf 81' lang='lat' dir='ltr'>‘ridemus’</span> <span class='ocrx_word' id='word_1_66' title='bbox 752 865 850 943; x_wconf 89' lang='lat' dir='ltr'>inquit</span> <span class='ocrx_word' id='word_1_67' title='bbox 869 871 963 927; x_wconf 81' lang='lat' dir='ltr'>‘suam</span> <span class='ocrx_word' id='word_1_68' title='bbox 984 865 1093 945; x_wconf 91' lang='lat' dir='ltr'>cuique</span> <span class='ocrx_word' id='word_1_69' title='bbox 1113 883 1176 926; x_wconf 90' lang='lat' dir='ltr'>rem</span> <span class='ocrx_word' id='word_1_70' title='bbox 1199 863 1237 924; x_wconf 78' lang='lat' dir='ltr'>lb</span> 
     </span>
     <span class='ocr_line' id='line_1_9' title="bbox 101 949 1177 1031; baseline 0.001 -21"><span class='ocrx_word' id='word_1_71' title='bbox 101 969 171 1013; x_wconf 86' lang='lat' dir='ltr'>esse</span> <span class='ocrx_word' id='word_1_72' title='bbox 197 949 395 1026; x_wconf 69' lang='lat' dir='ltr'>carissimam</span> <span class='ocrx_word' id='word_1_73' title='bbox 422 949 548 1010; x_wconf 88' lang='lat' dir='ltr'>reddant</span> <span class='ocrx_word' id='word_1_74' title='bbox 569 949 656 1011; x_wconf 90' lang='lat' dir='ltr'>nobis</span> <span class='ocrx_word' id='word_1_75' title='bbox 686 950 819 1012; x_wconf 87' lang='lat' dir='ltr'>tunicam</span> <span class='ocrx_word' id='word_1_76' title='bbox 845 959 977 1012; x_wconf 87' lang='lat' dir='ltr'>nostram</span> <span class='ocrx_word' id='word_1_77' title='bbox 1003 959 1033 1012; x_wconf 92' lang='lat' dir='ltr'>et</span> <span class='ocrx_word' id='word_1_78' title='bbox 1057 950 1177 1031; x_wconf 90' lang='lat' dir='ltr'>pallium</span> 
     </span>
     <span class='ocr_line' id='line_1_10' title="bbox 103 1035 1178 1116; baseline 0 -18"><span class='ocrx_word' id='word_1_79' title='bbox 103 1054 193 1098; x_wconf 90' lang='lat' dir='ltr'>suum</span> <span class='ocrx_word' id='word_1_80' title='bbox 215 1035 382 1114; x_wconf 64' lang='lat' dir='ltr'>recipiant!</span> <span class='ocrx_word' id='word_1_81' title='bbox 426 1035 480 1097; x_wconf 89' lang='lat' dir='ltr'>etsi</span> <span class='ocrx_word' id='word_1_82' title='bbox 500 1035 613 1096; x_wconf 86' lang='lat' dir='ltr'>rrtstico</span> <span class='ocrx_word' id='word_1_83' title='bbox 634 1035 811 1114; x_wconf 82' lang='lat' dir='ltr'>mulierique</span> <span class='ocrx_word' id='word_1_84' title='bbox 831 1035 966 1114; x_wconf 76' lang='lat' dir='ltr'>placebat</span> <span class='ocrx_word' id='word_1_85' title='bbox 991 1036 1178 1116; x_wconf 83' lang='lat' dir='ltr'>permutatio,</span> 
     </span>
    </p>

    <p class='ocr_par' dir='ltr' id='par_1_4' title="bbox 50 1119 1329 1542">
     <span class='ocr_line' id='line_1_11' title="bbox 50 1119 1284 1266; baseline -0.012 -68"><span class='ocrx_word' id='word_1_86' title='bbox 50 1130 78 1182; x_wconf 85' lang='lat'>1⁰</span> <span class='ocrx_word' id='word_1_87' title='bbox 100 1121 235 1199; x_wconf 59' lang='lat' dir='ltr'>dillofflfi</span> <span class='ocrx_word' id='word_1_88' title='bbox 248 1120 422 1266; x_wconf 50' lang='lat' dir='ltr'><em>W</em></span> <span class='ocrx_word' id='word_1_89' title='bbox 437 1138 515 1202; x_wconf 90' lang='lat' dir='ltr'>pene</span> <span class='ocrx_word' id='word_1_90' title='bbox 526 1121 676 1196; x_wconf 85' lang='lat' dir='ltr'>nocturni,</span> <span class='ocrx_word' id='word_1_91' title='bbox 691 1120 743 1199; x_wconf 90' lang='lat' dir='ltr'>qui</span> <span class='ocrx_word' id='word_1_92' title='bbox 757 1119 895 1183; x_wconf 85' lang='lat' dir='ltr'>volebant</span> <span class='ocrx_word' id='word_1_93' title='bbox 907 1121 1029 1202; x_wconf 92' lang='lat' dir='ltr'>pallium</span> <span class='ocrx_word' id='word_1_94' title='bbox 1043 1122 1119 1183; x_wconf 92' lang='lat' dir='ltr'>lucri</span> <span class='ocrx_word' id='word_1_95' title='bbox 1135 1125 1179 1183; x_wconf 88' lang='lat' dir='ltr'>la·</span> <span class='ocrx_word' id='word_1_96' title='bbox 1189 1121 1284 1210; x_wconf 48' lang='grc' dir='ltr'>ΜΨ</span> 
     </span>
     <span class='ocr_line' id='line_1_12' title="bbox 102 1203 1179 1287; baseline 0.001 -20"><span class='ocrx_word' id='word_1_97' title='bbox 102 1225 182 1280; x_wconf 87' lang='lat' dir='ltr'>cere,</span> <span class='ocrx_word' id='word_1_98' title='bbox 197 1205 266 1286; x_wconf 78' lang='lat' dir='ltr'>flagi</span> <span class='ocrx_word' id='word_1_99' title='bbox 337 1224 357 1265; x_wconf 96' lang='lat' dir='ltr'>n</span> <span class='ocrx_word' id='word_1_100' title='bbox 384 1206 428 1267; x_wconf 89' lang='lat' dir='ltr'>uti</span> <span class='ocrx_word' id='word_1_101' title='bbox 438 1203 518 1286; x_wconf 91' lang='lat' dir='ltr'>apud</span> <span class='ocrx_word' id='word_1_102' title='bbox 531 1225 564 1267; x_wconf 91' lang='lat' dir='ltr'>se</span> <span class='ocrx_word' id='word_1_103' title='bbox 574 1215 701 1284; x_wconf 91' lang='lat' dir='ltr'>utraque</span> <span class='ocrx_word' id='word_1_104' title='bbox 715 1205 938 1285; x_wconf 86' lang='lat' dir='ltr'>deponerentur</span> <span class='ocrx_word' id='word_1_105' title='bbox 951 1225 986 1267; x_wconf 91' lang='lat' dir='ltr'>ac</span> <span class='ocrx_word' id='word_1_106' title='bbox 996 1216 1117 1287; x_wconf 91' lang='lat' dir='ltr'>postero</span> <span class='ocrx_word' id='word_1_107' title='bbox 1131 1208 1179 1268; x_wconf 88' lang='lat' dir='ltr'>die</span> 
     </span>
     <span class='ocr_line' id='line_1_13' title="bbox 102 1291 1179 1371; baseline 0.001 -18"><span class='ocrx_word' id='word_1_108' title='bbox 102 1292 192 1353; x_wconf 88' lang='lat' dir='ltr'>iudex</span> <span class='ocrx_word' id='word_1_109' title='bbox 208 1291 370 1370; x_wconf 80' lang='lat' dir='ltr'>querellam</span> <span class='ocrx_word' id='word_1_110' title='bbox 384 1291 556 1370; x_wconf 83' lang='lat' dir='ltr'>inspiceret</span> <span class='ocrx_word' id='word_1_111' title='bbox 586 1309 685 1370; x_wconf 92' lang='lat' dir='ltr'>neque</span> <span class='ocrx_word' id='word_1_112' title='bbox 700 1291 780 1352; x_wconf 90' lang='lat' dir='ltr'>enim</span> <span class='ocrx_word' id='word_1_113' title='bbox 795 1309 844 1353; x_wconf 92' lang='lat' dir='ltr'>res</span> <span class='ocrx_word' id='word_1_114' title='bbox 858 1301 991 1364; x_wconf 83' lang='lat' dir='ltr'>tantum,</span> <span class='ocrx_word' id='word_1_115' title='bbox 1008 1311 1084 1371; x_wconf 91' lang='lat' dir='ltr'>quae</span> <span class='ocrx_word' id='word_1_116' title='bbox 1098 1293 1179 1354; x_wconf 84' lang='lat' dir='ltr'>ride·</span> 
     </span>
     <span class='ocr_line' id='line_1_14' title="bbox 102 1376 1177 1459; baseline 0 -21"><span class='ocrx_word' id='word_1_117' title='bbox 102 1385 225 1452; x_wconf 88' lang='lat' dir='ltr'>rentur,</span> <span class='ocrx_word' id='word_1_118' title='bbox 240 1377 272 1437; x_wconf 94' lang='lat' dir='ltr'>in</span> <span class='ocrx_word' id='word_1_119' title='bbox 287 1377 520 1438; x_wconf 81' lang='lat' dir='ltr'>controversiam</span> <span class='ocrx_word' id='word_1_120' title='bbox 570 1443 574 1459; x_wconf 35' lang='grc' dir='ltr'>Ι</span> <span class='ocrx_word' id='word_1_121' title='bbox 605 1423 613 1452; x_wconf 87' lang='grc'><em>,</em></span> <span class='ocrx_word' id='word_1_122' title='bbox 634 1377 688 1438; x_wconf 91' lang='lat' dir='ltr'>sed</span> <span class='ocrx_word' id='word_1_123' title='bbox 701 1377 791 1455; x_wconf 87' lang='lat' dir='ltr'>longe</span> <span class='ocrx_word' id='word_1_124' title='bbox 812 1376 890 1438; x_wconf 90' lang='lat' dir='ltr'>aliud</span> <span class='ocrx_word' id='word_1_125' title='bbox 910 1378 1029 1457; x_wconf 91' lang='lat' dir='ltr'>quaeri,</span> <span class='ocrx_word' id='word_1_126' title='bbox 1050 1378 1177 1459; x_wconf 81' lang='lat' dir='ltr'>quadiu</span> 
     </span>
     <span class='ocr_line' id='line_1_15' title="bbox 102 1395 1329 1542; baseline -0.003 -18"><span class='ocrx_word' id='word_1_127' title='bbox 102 1471 231 1541; x_wconf 69' lang='lat' dir='ltr'>unaque</span> <span class='ocrx_word' id='word_1_128' title='bbox 243 1470 328 1542; x_wconf 90' lang='lat' dir='ltr'>parte</span> <span class='ocrx_word' id='word_1_129' title='bbox 339 1461 453 1522; x_wconf 90' lang='lat' dir='ltr'>scilicet</span> <span class='ocrx_word' id='word_1_130' title='bbox 463 1395 609 1522; x_wconf 50' lang='lat' dir='ltr'>latrpqqsqi</span> <span class='ocrx_word' id='word_1_131' title='bbox 619 1462 749 1541; x_wconf 90' lang='lat' dir='ltr'>suspicio</span> <span class='ocrx_word' id='word_1_132' title='bbox 761 1460 930 1528; x_wconf 89' lang='lat' dir='ltr'>haberetur.</span> <span class='ocrx_word' id='word_1_133' title='bbox 961 1463 1019 1523; x_wconf 91' lang='lat' dir='ltr'>iam</span> <span class='ocrx_word' id='word_1_134' title='bbox 1033 1463 1329 1542; x_wconf 51' lang='lat' dir='ltr'>sequestnasuca,</span> 
     </span>
    </p>

    <p class='ocr_par' dir='ltr' id='par_1_5' title="bbox 53 1545 1265 1628">
     <span class='ocr_line' id='line_1_16' title="bbox 53 1545 1265 1628; baseline 0.003 -22"><span class='ocrx_word' id='word_1_135' title='bbox 53 1547 80 1607; x_wconf 72' lang='lat' dir='ltr'>td</span> <span class='ocrx_word' id='word_1_136' title='bbox 102 1546 277 1628; x_wconf 82' lang='lat' dir='ltr'>placebant,</span> <span class='ocrx_word' id='word_1_137' title='bbox 300 1554 331 1607; x_wconf 93' lang='lat' dir='ltr'>et</span> <span class='ocrx_word' id='word_1_138' title='bbox 345 1546 447 1608; x_wconf 90' lang='lat' dir='ltr'>nescio</span> <span class='ocrx_word' id='word_1_139' title='bbox 463 1547 530 1626; x_wconf 91' lang='lat' dir='ltr'>quis</span> <span class='ocrx_word' id='word_1_140' title='bbox 545 1566 580 1607; x_wconf 91' lang='lat' dir='ltr'>ex</span> <span class='ocrx_word' id='word_1_141' title='bbox 596 1546 798 1621; x_wconf 86' lang='lat' dir='ltr'>coctionibus,</span> <span class='ocrx_word' id='word_1_142' title='bbox 814 1547 926 1621; x_wconf 87' lang='lat' dir='ltr'>calvus,</span> <span class='ocrx_word' id='word_1_143' title='bbox 941 1548 1179 1610; x_wconf 87' lang='lat' dir='ltr'>tuberosissimae</span> <span class='ocrx_word' id='word_1_144' title='bbox 1190 1545 1265 1628; x_wconf 57' lang='lat' dir='ltr'>&amp;tq</span> 
     </span>
    </p>

    <p class='ocr_par' dir='ltr' id='par_1_6' title="bbox 102 1631 1179 1797">
     <span class='ocr_line' id='line_1_17' title="bbox 102 1631 1179 1714; baseline 0 -21"><span class='ocrx_word' id='word_1_145' title='bbox 102 1632 223 1706; x_wconf 87' lang='lat' dir='ltr'>frontis,</span> <span class='ocrx_word' id='word_1_146' title='bbox 239 1631 291 1710; x_wconf 93' lang='lat' dir='ltr'>qui</span> <span class='ocrx_word' id='word_1_147' title='bbox 305 1631 420 1692; x_wconf 90' lang='lat' dir='ltr'>solebat</span> <span class='ocrx_word' id='word_1_148' title='bbox 438 1631 595 1711; x_wconf 92' lang='lat' dir='ltr'>aliquando</span> <span class='ocrx_word' id='word_1_149' title='bbox 611 1632 698 1692; x_wconf 89' lang='lat' dir='ltr'>etiam</span> <span class='ocrx_word' id='word_1_150' title='bbox 714 1649 817 1692; x_wconf 86' lang='lat' dir='ltr'>causas</span> <span class='ocrx_word' id='word_1_151' title='bbox 832 1649 935 1714; x_wconf 80' lang='lat' dir='ltr'>agere,</span> <span class='ocrx_word' id='word_1_152' title='bbox 956 1632 1102 1693; x_wconf 86' lang='lat' dir='ltr'>invaserat</span> <span class='ocrx_word' id='word_1_153' title='bbox 1115 1633 1179 1713; x_wconf 92' lang='lat' dir='ltr'>pal-</span> 
     </span>
     <span class='ocr_line' id='line_1_18' title="bbox 103 1715 1179 1797; baseline 0 -18"><span class='ocrx_word' id='word_1_154' title='bbox 103 1719 179 1779; x_wconf 91' lang='lat' dir='ltr'>lium</span> <span class='ocrx_word' id='word_1_155' title='bbox 202 1717 462 1796; x_wconf 80' lang='lat' dir='ltr'>exhibiturumque</span> <span class='ocrx_word' id='word_1_156' title='bbox 482 1717 613 1778; x_wconf 88' lang='lat' dir='ltr'>crastino</span> <span class='ocrx_word' id='word_1_157' title='bbox 628 1717 676 1779; x_wconf 91' lang='lat' dir='ltr'>dic</span> <span class='ocrx_word' id='word_1_158' title='bbox 690 1715 864 1778; x_wconf 83' lang='lat' dir='ltr'>affirmabat</span> <span class='ocrx_word' id='word_1_159' title='bbox 901 1725 1033 1779; x_wconf 90' lang='lat' dir='ltr'>ceterum</span> <span class='ocrx_word' id='word_1_160' title='bbox 1054 1735 1179 1797; x_wconf 92' lang='lat' dir='ltr'>appare-</span> 
     </span>
    </p>

    <p class='ocr_par' dir='ltr' id='par_1_7' title="bbox 31 1801 1245 1913">
     <span class='ocr_line' id='line_1_19' title="bbox 31 1801 1245 1913; baseline 0 -49"><span class='ocrx_word' id='word_1_161' title='bbox 31 1840 37 1913; x_wconf 31' lang='grc' dir='ltr'><strong>χ</strong></span> <span class='ocrx_word' id='word_1_162' title='bbox 103 1803 157 1864; x_wconf 91' lang='lat' dir='ltr'>bat</span> <span class='ocrx_word' id='word_1_163' title='bbox 178 1802 253 1865; x_wconf 89' lang='lat' dir='ltr'>nibil</span> <span class='ocrx_word' id='word_1_164' title='bbox 272 1802 350 1862; x_wconf 90' lang='lat' dir='ltr'>aliud</span> <span class='ocrx_word' id='word_1_165' title='bbox 373 1803 476 1880; x_wconf 82' lang='lat' dir='ltr'>quaeri</span> <span class='ocrx_word' id='word_1_166' title='bbox 496 1801 554 1864; x_wconf 88' lang='lat' dir='ltr'>nisi</span> <span class='ocrx_word' id='word_1_167' title='bbox 574 1810 608 1863; x_wconf 90' lang='lat' dir='ltr'>ut</span> <span class='ocrx_word' id='word_1_168' title='bbox 628 1802 720 1864; x_wconf 90' lang='lat' dir='ltr'>semel</span> <span class='ocrx_word' id='word_1_169' title='bbox 740 1802 872 1882; x_wconf 90' lang='lat' dir='ltr'>deposita</span> <span class='ocrx_word' id='word_1_170' title='bbox 891 1801 981 1864; x_wconf 86' lang='lat' dir='ltr'>restis</span> <span class='ocrx_word' id='word_1_171' title='bbox 1000 1802 1080 1864; x_wconf 88' lang='lat' dir='ltr'>inter</span> <span class='ocrx_word' id='word_1_172' title='bbox 1092 1821 1180 1883; x_wconf 91' lang='lat' dir='ltr'>prae·</span> <span class='ocrx_word' id='word_1_173' title='bbox 1234 1855 1245 1894; x_wconf 63' lang='lat'><em>7</em></span> 
     </span>
    </p>

    <p class='ocr_par' dir='ltr' id='par_1_8' title="bbox 38 1887 1241 2059">
     <span class='ocr_line' id='line_1_20' title="bbox 105 1887 1241 1967; baseline 0 -18"><span class='ocrx_word' id='word_1_174' title='bbox 105 1889 201 1950; x_wconf 88' lang='lat' dir='ltr'>dones</span> <span class='ocrx_word' id='word_1_175' title='bbox 222 1887 472 1967; x_wconf 79' lang='lat' dir='ltr'>strangularetur,</span> <span class='ocrx_word' id='word_1_176' title='bbox 494 1897 524 1950; x_wconf 89' lang='lat' dir='ltr'>et</span> <span class='ocrx_word' id='word_1_177' title='bbox 542 1907 599 1950; x_wconf 88' lang='lat' dir='ltr'>nos</span> <span class='ocrx_word' id='word_1_178' title='bbox 620 1898 702 1949; x_wconf 91' lang='lat' dir='ltr'>metu</span> <span class='ocrx_word' id='word_1_179' title='bbox 724 1887 857 1950; x_wconf 90' lang='lat' dir='ltr'>criminis</span> <span class='ocrx_word' id='word_1_180' title='bbox 878 1907 939 1950; x_wconf 93' lang='lat' dir='ltr'>non</span> <span class='ocrx_word' id='word_1_181' title='bbox 960 1887 1130 1951; x_wconf 86' lang='lat' dir='ltr'>veniremus</span> <span class='ocrx_word' id='word_1_182' title='bbox 1144 1888 1179 1949; x_wconf 89' lang='lat' dir='ltr'>ad</span> <span class='ocrx_word' id='word_1_183' title='bbox 1234 1921 1241 1942; x_wconf 69' lang='grc' dir='ltr'><strong>ι</strong></span> 
     </span>
     <span class='ocr_line' id='line_1_21' title="bbox 38 1974 314 2059; baseline -0.007 -25"><span class='ocrx_word' id='word_1_184' title='bbox 38 1983 85 2059; x_wconf 62' lang='lat' dir='ltr'>,tt</span> <span class='ocrx_word' id='word_1_185' title='bbox 106 1974 314 2036; x_wconf 87' lang='lat' dir='ltr'>constitutum.</span> 
     </span>
    </p>
   </div>
   <div class='ocr_carea' id='block_1_3' title="bbox 1212 495 1237 554">
    <p class='ocr_par' dir='ltr' id='par_1_9' title="bbox 1212 495 1237 554">
     <span class='ocr_line' id='line_1_22' title="bbox 1212 495 1237 554; baseline 0 0"><span class='ocrx_word' id='word_1_186' title='bbox 1212 495 1237 554; x_wconf 73' lang='grc' dir='ltr'><em>ἲ</em></span> 
     </span>
    </p>
   </div>
   <div class='ocr_carea' id='block_1_4' title="bbox 1218 573 1303 608">
    <p class='ocr_par' dir='ltr' id='par_1_10' title="bbox 1218 573 1303 608">
     <span class='ocr_line' id='line_1_23' title="bbox 1218 573 1303 608; baseline 0 -20"><span class='ocrx_word' id='word_1_187' title='bbox 1218 579 1230 608; x_wconf 51' lang='grc' dir='ltr'><em>Ι</em></span> <span class='ocrx_word' id='word_1_188' title='bbox 1300 573 1303 588; x_wconf 60' lang='lat'>1</span> 
     </span>
    </p>
   </div>
   <div class='ocr_carea' id='block_1_5' title="bbox 8 2100 1290 2700">
    <p class='ocr_par' dir='ltr' id='par_1_11' title="bbox 8 2100 1290 2700">
     <span class='ocr_line' id='line_1_24' title="bbox 35 2100 1181 2190; baseline 0.003 -21"><span class='ocrx_word' id='word_1_189' title='bbox 35 2100 39 2157; x_wconf 79' lang='lat' dir='ltr'>l</span> <span class='ocrx_word' id='word_1_190' title='bbox 192 2108 271 2170; x_wconf 90' lang='lat' dir='ltr'>idem</span> <span class='ocrx_word' id='word_1_191' title='bbox 286 2108 672 2189; x_wconf 86' lang='lat' dir='ltr'>planeetuosvolehamus.</span> <span class='ocrx_word' id='word_1_192' title='bbox 702 2107 802 2187; x_wconf 89' lang='lat' dir='ltr'>itaque</span> <span class='ocrx_word' id='word_1_193' title='bbox 812 2109 968 2188; x_wconf 89' lang='lat' dir='ltr'>utriusque</span> <span class='ocrx_word' id='word_1_194' title='bbox 979 2112 1071 2190; x_wconf 88' lang='lat' dir='ltr'>partis</span> <span class='ocrx_word' id='word_1_195' title='bbox 1081 2120 1181 2173; x_wconf 88' lang='lat' dir='ltr'>votum</span> 
     </span>
     <span class='ocr_line' id='line_1_25' title="bbox 26 2173 1182 2274; baseline 0.003 -18"><span class='ocrx_word' id='word_1_196' title='bbox 26 2244 29 2274; x_wconf 69' lang='lat'>,</span> <span class='ocrx_word' id='word_1_197' title='bbox 107 2213 193 2257; x_wconf 90' lang='lat' dir='ltr'>casus</span> <span class='ocrx_word' id='word_1_198' title='bbox 205 2193 322 2256; x_wconf 85' lang='lat' dir='ltr'>adiuvit.</span> <span class='ocrx_word' id='word_1_199' title='bbox 347 2191 518 2273; x_wconf 81' lang='lat' dir='ltr'>indignatus</span> <span class='ocrx_word' id='word_1_200' title='bbox 529 2193 608 2254; x_wconf 93' lang='lat' dir='ltr'>enim</span> <span class='ocrx_word' id='word_1_201' title='bbox 619 2193 757 2268; x_wconf 87' lang='lat' dir='ltr'>rusticus,</span> <span class='ocrx_word' id='word_1_202' title='bbox 769 2194 849 2272; x_wconf 93' lang='lat' dir='ltr'>quod</span> <span class='ocrx_word' id='word_1_203' title='bbox 862 2213 918 2256; x_wconf 91' lang='lat' dir='ltr'>uos</span> <span class='ocrx_word' id='word_1_204' title='bbox 930 2173 1088 2257; x_wconf 72' lang='lat' dir='ltr'>centdiilin</span> <span class='ocrx_word' id='word_1_205' title='bbox 1100 2195 1182 2259; x_wconf 88' lang='lat' dir='ltr'>exbi-</span> 
     </span>
     <span class='ocr_line' id='line_1_26' title="bbox 8 2276 1290 2376; baseline 0.001 -34"><span class='ocrx_word' id='word_1_206' title='bbox 8 2310 21 2376; x_wconf 44' lang='grc' dir='ltr'><strong>ι</strong></span> <span class='ocrx_word' id='word_1_207' title='bbox 106 2280 238 2342; x_wconf 90' lang='lat' dir='ltr'>bendum</span> <span class='ocrx_word' id='word_1_208' title='bbox 254 2279 487 2360; x_wconf 86' lang='lat' dir='ltr'>postularemus,</span> <span class='ocrx_word' id='word_1_209' title='bbox 509 2279 589 2340; x_wconf 88' lang='lat' dir='ltr'>misit</span> <span class='ocrx_word' id='word_1_210' title='bbox 607 2279 639 2340; x_wconf 93' lang='lat' dir='ltr'>in</span> <span class='ocrx_word' id='word_1_211' title='bbox 661 2276 765 2338; x_wconf 83' lang='lat' dir='ltr'>faciem</span> <span class='ocrx_word' id='word_1_212' title='bbox 786 2278 896 2358; x_wconf 80' lang='lat' dir='ltr'>Ascylti</span> <span class='ocrx_word' id='word_1_213' title='bbox 916 2281 1048 2342; x_wconf 90' lang='lat' dir='ltr'>tunicam</span> <span class='ocrx_word' id='word_1_214' title='bbox 1066 2290 1095 2342; x_wconf 93' lang='lat' dir='ltr'>et</span> <span class='ocrx_word' id='word_1_215' title='bbox 1109 2281 1182 2344; x_wconf 89' lang='lat' dir='ltr'>libe-</span> <span class='ocrx_word' id='word_1_216' title='bbox 1285 2309 1290 2320; x_wconf 89' lang='lat'>·</span> 
     </span>
     <span class='ocr_line' id='line_1_27' title="bbox 106 2343 1183 2444; baseline 0.002 -18"><span class='ocrx_word' id='word_1_217' title='bbox 106 2343 334 2444; x_wconf 67' lang='lat' dir='ltr'>ratoslquerella</span> <span class='ocrx_word' id='word_1_218' title='bbox 349 2363 434 2424; x_wconf 91' lang='lat' dir='ltr'>iussit</span> <span class='ocrx_word' id='word_1_219' title='bbox 448 2364 570 2444; x_wconf 91' lang='lat' dir='ltr'>pallium</span> <span class='ocrx_word' id='word_1_220' title='bbox 583 2365 744 2443; x_wconf 89' lang='lat' dir='ltr'>deponere,</span> <span class='ocrx_word' id='word_1_221' title='bbox 761 2363 841 2441; x_wconf 90' lang='lat' dir='ltr'>quod</span> <span class='ocrx_word' id='word_1_222' title='bbox 852 2365 948 2426; x_wconf 89' lang='lat' dir='ltr'>solum</span> <span class='ocrx_word' id='word_1_223' title='bbox 963 2364 1045 2427; x_wconf 91' lang='lat' dir='ltr'>litem</span> <span class='ocrx_word' id='word_1_224' title='bbox 1059 2366 1183 2428; x_wconf 82' lang='lat' dir='ltr'>faciebat</span> 
     </span>
     <span class='ocr_line' id='line_1_28' title="bbox 526 2460 657 2507; baseline 0 0"><span class='ocrx_word' id='word_1_225' title='bbox 526 2460 531 2468; x_wconf 80' lang='grc'>’</span> <span class='ocrx_word' id='word_1_226' title='bbox 641 2468 657 2507; x_wconf 72' lang='lat' dir='ltr'>s</span> 
     </span>
     <span class='ocr_line' id='line_1_29' title="bbox 58 2534 1243 2616; baseline 0.003 -22"><span class='ocrx_word' id='word_1_227' title='bbox 58 2535 85 2594; x_wconf 81' lang='lat' dir='ltr'>u</span> <span class='ocrx_word' id='word_1_228' title='bbox 193 2544 223 2596; x_wconf 89' lang='lat' dir='ltr'>ct</span> <span class='ocrx_word' id='word_1_229' title='bbox 238 2541 423 2615; x_wconf 88' lang='lat' dir='ltr'>recuperato,</span> <span class='ocrx_word' id='word_1_230' title='bbox 438 2543 471 2594; x_wconf 90' lang='lat' dir='ltr'>ut</span> <span class='ocrx_word' id='word_1_231' title='bbox 481 2534 666 2614; x_wconf 88' lang='lat' dir='ltr'>putabamus,</span> <span class='ocrx_word' id='word_1_232' title='bbox 680 2535 821 2598; x_wconf 90' lang='lat' dir='ltr'>thesauro</span> <span class='ocrx_word' id='word_1_233' title='bbox 836 2535 867 2598; x_wconf 92' lang='lat' dir='ltr'>in</span> <span class='ocrx_word' id='word_1_234' title='bbox 879 2535 1080 2598; x_wconf 86' lang='lat' dir='ltr'>deversorium</span> <span class='ocrx_word' id='word_1_235' title='bbox 1096 2553 1182 2616; x_wconf 89' lang='lat' dir='ltr'>prae·</span> <span class='ocrx_word' id='word_1_236' title='bbox 1201 2552 1243 2592; x_wconf 73' lang='lat' dir='ltr'>oo</span> 
     </span>
     <span class='ocr_line' id='line_1_30' title="bbox 108 2619 1184 2700; baseline 0.002 -18"><span class='ocrx_word' id='word_1_237' title='bbox 108 2619 214 2700; x_wconf 89' lang='lat' dir='ltr'>cipites</span> <span class='ocrx_word' id='word_1_238' title='bbox 229 2619 344 2682; x_wconf 91' lang='lat' dir='ltr'>abimus</span> <span class='ocrx_word' id='word_1_239' title='bbox 364 2619 584 2699; x_wconf 86' lang='lat' dir='ltr'>praeclusisque</span> <span class='ocrx_word' id='word_1_240' title='bbox 606 2619 720 2681; x_wconf 85' lang='lat' dir='ltr'>loribus</span> <span class='ocrx_word' id='word_1_241' title='bbox 742 2620 840 2682; x_wconf 87' lang='lat' dir='ltr'>ridere</span> <span class='ocrx_word' id='word_1_242' title='bbox 858 2638 983 2684; x_wconf 91' lang='lat' dir='ltr'>acumen</span> <span class='ocrx_word' id='word_1_243' title='bbox 1007 2621 1184 2684; x_wconf 86' lang='lat' dir='ltr'>conminus</span> 
     </span>
    </p>
   </div>
   <div class='ocr_carea' id='block_1_6' title="bbox 60 2679 1268 3298">
    <p class='ocr_par' dir='ltr' id='par_1_12' title="bbox 60 2679 1268 3298">
     <span class='ocr_line' id='line_1_31' title="bbox 109 2679 1183 2787; baseline 0.001 -21"><span class='ocrx_word' id='word_1_244' title='bbox 109 2706 281 2774; x_wconf 88' lang='lat' dir='ltr'>coctionum</span> <span class='ocrx_word' id='word_1_245' title='bbox 298 2723 387 2784; x_wconf 91' lang='lat' dir='ltr'>quam</span> <span class='ocrx_word' id='word_1_246' title='bbox 402 2679 646 2767; x_wconf 70' lang='lat' dir='ltr'>calumniarlfflfffi</span> <span class='ocrx_word' id='word_1_247' title='bbox 669 2705 836 2785; x_wconf 83' lang='lat' dir='ltr'>coepimus,</span> <span class='ocrx_word' id='word_1_248' title='bbox 861 2707 939 2786; x_wconf 94' lang='lat' dir='ltr'>quod</span> <span class='ocrx_word' id='word_1_249' title='bbox 962 2705 1049 2769; x_wconf 93' lang='lat' dir='ltr'>uobis</span> <span class='ocrx_word' id='word_1_250' title='bbox 1069 2706 1183 2787; x_wconf 82' lang='lat' dir='ltr'>ingenti</span> 
     </span>
     <span class='ocr_line' id='line_1_32' title="bbox 109 2789 1228 2869; baseline -0.007 -17"><span class='ocrx_word' id='word_1_251' title='bbox 109 2791 268 2852; x_wconf 91' lang='lat' dir='ltr'>calliditate</span> <span class='ocrx_word' id='word_1_252' title='bbox 283 2789 440 2869; x_wconf 88' lang='lat' dir='ltr'>pecuniam</span> <span class='ocrx_word' id='word_1_253' title='bbox 456 2789 662 2852; x_wconf 89' lang='lat' dir='ltr'>reddidissent.</span> <span class='ocrx_word' id='word_1_254' title='bbox 1172 2811 1198 2860; x_wconf 62' lang='lat' dir='ltr'>q,</span> <span class='ocrx_word' id='word_1_255' title='bbox 1206 2813 1228 2859; x_wconf 63' lang='lat' dir='ltr'>p</span> 
     </span>
     <span class='ocr_line' id='line_1_33' title="bbox 291 2874 815 2955; baseline 0.004 -19"><span class='ocrx_word' id='word_1_256' title='bbox 291 2875 362 2936; x_wconf 92' lang='lat' dir='ltr'>nolo</span> <span class='ocrx_word' id='word_1_257' title='bbox 379 2874 459 2955; x_wconf 91' lang='lat' dir='ltr'>quod</span> <span class='ocrx_word' id='word_1_258' title='bbox 474 2875 572 2955; x_wconf 91' lang='lat' dir='ltr'>cupio,</span> <span class='ocrx_word' id='word_1_259' title='bbox 587 2875 686 2936; x_wconf 89' lang='lat' dir='ltr'>statim</span> <span class='ocrx_word' id='word_1_260' title='bbox 701 2884 815 2952; x_wconf 90' lang='lat' dir='ltr'>tenere,</span> 
     </span>
     <span class='ocr_line' id='line_1_34' title="bbox 60 2960 769 3041; baseline 0.003 -21"><span class='ocrx_word' id='word_1_261' title='bbox 60 2970 87 3020; x_wconf 78' lang='lat' dir='ltr'>to</span> <span class='ocrx_word' id='word_1_262' title='bbox 295 2978 350 3021; x_wconf 90' lang='lat' dir='ltr'>uec</span> <span class='ocrx_word' id='word_1_263' title='bbox 365 2960 486 3022; x_wconf 84' lang='lat' dir='ltr'>victoria</span> <span class='ocrx_word' id='word_1_264' title='bbox 500 2961 541 3022; x_wconf 88' lang='lat' dir='ltr'>mi</span> <span class='ocrx_word' id='word_1_265' title='bbox 556 2961 653 3041; x_wconf 90' lang='lat' dir='ltr'>placet</span> <span class='ocrx_word' id='word_1_266' title='bbox 667 2970 769 3041; x_wconf 91' lang='lat' dir='ltr'>parata</span> 
     </span>
     <span class='ocr_line' id='line_1_35' title="bbox 581 3056 659 3108; baseline -0.026 0"><span class='ocrx_word' id='word_1_267' title='bbox 581 3056 593 3108; x_wconf 85' lang='lat' dir='ltr'>l</span> <span class='ocrx_word' id='word_1_268' title='bbox 641 3067 659 3106; x_wconf 76' lang='lat' dir='ltr'>a</span> 
     </span>
     <span class='ocr_line' id='line_1_36' title="bbox 62 3122 1244 3212; baseline 0.004 -24"><span class='ocrx_word' id='word_1_269' title='bbox 62 3139 105 3188; x_wconf 82' lang='lat' dir='ltr'>to</span> <span class='ocrx_word' id='word_1_270' title='bbox 196 3127 201 3212; x_wconf 89' lang='grc' dir='ltr'>Ι</span> <span class='ocrx_word' id='word_1_271' title='bbox 226 3130 277 3191; x_wconf 89' lang='lat' dir='ltr'>sed</span> <span class='ocrx_word' id='word_1_272' title='bbox 304 3139 337 3190; x_wconf 92' lang='lat' dir='ltr'>ut</span> <span class='ocrx_word' id='word_1_273' title='bbox 361 3131 489 3210; x_wconf 91' lang='lat' dir='ltr'>primum</span> <span class='ocrx_word' id='word_1_274' title='bbox 509 3131 668 3210; x_wconf 83' lang='lat' dir='ltr'>beneficio.</span> <span class='ocrx_word' id='word_1_275' title='bbox 676 3131 790 3194; x_wconf 87' lang='lat' dir='ltr'>Gitonis</span> <span class='ocrx_word' id='word_1_276' title='bbox 811 3139 983 3212; x_wconf 87' lang='lat' dir='ltr'>praeparata</span> <span class='ocrx_word' id='word_1_277' title='bbox 1004 3150 1060 3193; x_wconf 90' lang='lat' dir='ltr'>nos</span> <span class='ocrx_word' id='word_1_278' title='bbox 1080 3131 1185 3212; x_wconf 92' lang='lat' dir='ltr'>imple·</span> <span class='ocrx_word' id='word_1_279' title='bbox 1206 3122 1244 3185; x_wconf 86' lang='grc'>16</span> 
     </span>
     <span class='ocr_line' id='line_1_37' title="bbox 113 3215 1268 3298; baseline 0.002 -23"><span class='ocrx_word' id='word_1_280' title='bbox 113 3216 207 3276; x_wconf 89' lang='lat' dir='ltr'>vimus</span> <span class='ocrx_word' id='word_1_281' title='bbox 222 3233 306 3291; x_wconf 88' lang='lat' dir='ltr'>cena,</span> <span class='ocrx_word' id='word_1_282' title='bbox 323 3215 430 3277; x_wconf 90' lang='lat' dir='ltr'>ostium</span> <span class='ocrx_word' id='word_1_283' title='bbox 447 3235 509 3277; x_wconf 93' lang='lat' dir='ltr'>non</span> <span class='ocrx_word' id='word_1_284' title='bbox 524 3215 713 3280; x_wconf 70' lang='lat' dir='ltr'>satisaudaci</span> <span class='ocrx_word' id='word_1_285' title='bbox 725 3217 850 3298; x_wconf 90' lang='lat' dir='ltr'>strepitu</span> <span class='ocrx_word' id='word_1_286' title='bbox 866 3216 1003 3278; x_wconf 82' lang='lat' dir='ltr'>exsonuit</span> <span class='ocrx_word' id='word_1_287' title='bbox 1013 3215 1184 3298; x_wconf 91' lang='lat' dir='ltr'>impulsum.</span> <span class='ocrx_word' id='word_1_288' title='bbox 1201 3239 1268 3284; x_wconf 67' lang='lat' dir='ltr'>&lt;c</span> 
     </span>
    </p>
   </div>
   <div class='ocr_carea' id='block_1_7' title="bbox 64 3351 1260 3600">
    <p class='ocr_par' dir='ltr' id='par_1_13' title="bbox 64 3351 1260 3600">
     <span class='ocr_line' id='line_1_38' title="bbox 200 3351 1187 3434; baseline 0.005 -24"><span class='ocrx_word' id='word_1_289' title='bbox 200 3367 267 3410; x_wconf 91' lang='lat' dir='ltr'>cum</span> <span class='ocrx_word' id='word_1_290' title='bbox 283 3359 313 3412; x_wconf 90' lang='lat' dir='ltr'>et</span> <span class='ocrx_word' id='word_1_291' title='bbox 326 3351 382 3430; x_wconf 90' lang='lat' dir='ltr'>ipsi</span> <span class='ocrx_word' id='word_1_292' title='bbox 398 3369 468 3428; x_wconf 84' lang='lat' dir='ltr'>ergo</span> <span class='ocrx_word' id='word_1_293' title='bbox 482 3351 582 3432; x_wconf 91' lang='lat' dir='ltr'>pallidi</span> <span class='ocrx_word' id='word_1_294' title='bbox 597 3369 778 3432; x_wconf 83' lang='lat' dir='ltr'>rogaremus,</span> <span class='ocrx_word' id='word_1_295' title='bbox 794 3353 861 3432; x_wconf 87' lang='lat' dir='ltr'>quis</span> <span class='ocrx_word' id='word_1_296' title='bbox 872 3361 958 3429; x_wconf 87' lang='lat' dir='ltr'>esset,</span> <span class='ocrx_word' id='word_1_297' title='bbox 973 3353 1074 3433; x_wconf 87' lang='lat' dir='ltr'>‘aperi’</span> <span class='ocrx_word' id='word_1_298' title='bbox 1088 3354 1187 3434; x_wconf 92' lang='lat' dir='ltr'>inquit</span> 
     </span>
     <span class='ocr_line' id='line_1_39' title="bbox 114 3429 1260 3518; baseline 0.003 -23"><span class='ocrx_word' id='word_1_299' title='bbox 114 3435 182 3496; x_wconf 85' lang='lat' dir='ltr'>‘iam</span> <span class='ocrx_word' id='word_1_300' title='bbox 197 3434 291 3496; x_wconf 90' lang='lat' dir='ltr'>scies&#39;.</span> <span class='ocrx_word' id='word_1_301' title='bbox 320 3435 449 3515; x_wconf 88' lang='lat' dir='ltr'>dumque</span> <span class='ocrx_word' id='word_1_302' title='bbox 469 3436 633 3517; x_wconf 87' lang='lat' dir='ltr'>loquimur,</span> <span class='ocrx_word' id='word_1_303' title='bbox 655 3457 722 3500; x_wconf 89' lang='lat' dir='ltr'>sera</span> <span class='ocrx_word' id='word_1_304' title='bbox 742 3456 796 3501; x_wconf 90' lang='lat' dir='ltr'>sua</span> <span class='ocrx_word' id='word_1_305' title='bbox 815 3446 923 3518; x_wconf 90' lang='lat' dir='ltr'>sponte</span> <span class='ocrx_word' id='word_1_306' title='bbox 944 3439 1063 3518; x_wconf 86' lang='lat' dir='ltr'>delapsa</span> <span class='ocrx_word' id='word_1_307' title='bbox 1081 3439 1187 3500; x_wconf 90' lang='lat' dir='ltr'>cecidit</span> <span class='ocrx_word' id='word_1_308' title='bbox 1209 3429 1260 3486; x_wconf 53' lang='lat' dir='ltr'>lm</span> 
     </span>
     <span class='ocr_line' id='line_1_40' title="bbox 64 3520 1186 3600; baseline 0.004 -20"><span class='ocrx_word' id='word_1_309' title='bbox 64 3530 91 3580; x_wconf 77' lang='lat'>³5</span> <span class='ocrx_word' id='word_1_310' title='bbox 112 3520 304 3600; x_wconf 90' lang='lat' dir='ltr'>reclusaeque</span> <span class='ocrx_word' id='word_1_311' title='bbox 316 3521 422 3584; x_wconf 87' lang='lat' dir='ltr'>&#39;subito</span> <span class='ocrx_word' id='word_1_312' title='bbox 443 3523 522 3584; x_wconf 86' lang='lat' dir='ltr'>sores</span> <span class='ocrx_word' id='word_1_313' title='bbox 548 3524 733 3585; x_wconf 89' lang='lat' dir='ltr'>admiserunt</span> <span class='ocrx_word' id='word_1_314' title='bbox 753 3525 924 3586; x_wconf 88' lang='lat' dir='ltr'>intrantem.</span> <span class='ocrx_word' id='word_1_315' title='bbox 960 3523 1067 3586; x_wconf 90' lang='lat' dir='ltr'>mulier</span> <span class='ocrx_word' id='word_1_316' title='bbox 1088 3532 1186 3586; x_wconf 92' lang='lat' dir='ltr'>autem</span> 
     </span>
    </p>
   </div>
   <div class='ocr_carea' id='block_1_8' title="bbox 114 3672 1189 4022">
    <p class='ocr_par' dir='ltr' id='par_1_14' title="bbox 114 3672 1189 4022">
     <span class='ocr_line' id='line_1_41' title="bbox 200 3672 1187 3742; baseline 0.001 -18"><span class='ocrx_word' id='word_1_317' title='bbox 200 3675 291 3736; x_wconf 72' lang='lat' dir='ltr'>duam]</span> <span class='ocrx_word' id='word_1_318' title='bbox 304 3676 392 3725; x_wconf 87' lang='lat' dir='ltr'>nostra</span> <span class='ocrx_word' id='word_1_319' title='bbox 403 3672 586 3725; x_wconf 80' lang='lat' dir='ltr'>Tomaecicno</span> <span class='ocrx_word' id='word_1_320' title='bbox 594 3673 601 3736; x_wconf 67' lang='grc' dir='ltr'>,Ι</span> <span class='ocrx_word' id='word_1_321' title='bbox 613 3675 750 3726; x_wconf 89' lang='lat' dir='ltr'>conciones</span> <span class='ocrx_word' id='word_1_322' title='bbox 762 3690 841 3742; x_wconf 88' lang='lat' dir='ltr'>quae:</span> <span class='ocrx_word' id='word_1_323' title='bbox 853 3677 918 3725; x_wconf 74' lang='lat' dir='ltr'>item</span> <span class='ocrx_word' id='word_1_324' title='bbox 928 3672 1005 3735; x_wconf 72' lang='lat' dir='ltr'>infra</span> <span class='ocrx_word' id='word_1_325' title='bbox 1018 3677 1048 3726; x_wconf 79' lang='lat'>15</span> <span class='ocrx_word' id='word_1_326' title='bbox 1059 3674 1187 3726; x_wconf 91' lang='lat' dir='ltr'>concioni-</span> 
     </span>
     <span class='ocr_line' id='line_1_42' title="bbox 114 3740 1187 3811; baseline 0.001 -18"><span class='ocrx_word' id='word_1_327' title='bbox 114 3743 163 3793; x_wconf 91' lang='lat' dir='ltr'>bus</span> <span class='ocrx_word' id='word_1_328' title='bbox 181 3747 207 3792; x_wconf 83' lang='lat' dir='ltr'>ot</span> <span class='ocrx_word' id='word_1_329' title='bbox 217 3743 249 3792; x_wconf 77' lang='grc'>27</span> <span class='ocrx_word' id='word_1_330' title='bbox 262 3741 414 3794; x_wconf 87' lang='lat' dir='ltr'>concionum</span> <span class='ocrx_word' id='word_1_331' title='bbox 427 3740 438 3808; x_wconf 76' lang='lat' dir='ltr'>{l</span> <span class='ocrx_word' id='word_1_332' title='bbox 454 3743 654 3808; x_wconf 75' lang='lat' dir='ltr'>despectabam</span> <span class='ocrx_word' id='word_1_333' title='bbox 671 3757 719 3794; x_wconf 90' lang='lat' dir='ltr'>uos</span> <span class='ocrx_word' id='word_1_334' title='bbox 737 3741 796 3794; x_wconf 85' lang='lat' dir='ltr'>sd.</span> <span class='ocrx_word' id='word_1_335' title='bbox 811 3759 845 3795; x_wconf 90' lang='grc' dir='ltr'><strong>ιιι.</strong></span> <span class='ocrx_word' id='word_1_336' title='bbox 862 3741 988 3806; x_wconf 83' lang='lat' dir='ltr'>ridebant,</span> <span class='ocrx_word' id='word_1_337' title='bbox 1006 3740 1076 3810; x_wconf 91' lang='lat' dir='ltr'>quod</span> <span class='ocrx_word' id='word_1_338' title='bbox 1094 3757 1118 3810; x_wconf 90' lang='lat' dir='ltr'>p.</span> <span class='ocrx_word' id='word_1_339' title='bbox 1131 3743 1148 3796; x_wconf 89' lang='lat' dir='ltr'>i.</span> <span class='ocrx_word' id='word_1_340' title='bbox 1162 3759 1187 3811; x_wconf 92' lang='lat' dir='ltr'>p.</span> 
     </span>
     <span class='ocr_line' id='line_1_43' title="bbox 114 3808 1188 3879; baseline 0.003 -20"><span class='ocrx_word' id='word_1_341' title='bbox 114 3808 238 3862; x_wconf 86' lang='lat' dir='ltr'>vindicari</span> <span class='ocrx_word' id='word_1_342' title='bbox 249 3809 372 3861; x_wconf 85' lang='lat' dir='ltr'>ridebant</span> <span class='ocrx_word' id='word_1_343' title='bbox 384 3809 394 3877; x_wconf 75' lang='grc' dir='ltr'>ΙΙ</span> <span class='ocrx_word' id='word_1_344' title='bbox 407 3811 423 3862; x_wconf 86' lang='grc'>6</span> <span class='ocrx_word' id='word_1_345' title='bbox 435 3824 500 3876; x_wconf 87' lang='lat' dir='ltr'>pene</span> <span class='ocrx_word' id='word_1_346' title='bbox 516 3814 519 3875; x_wconf 88' lang='grc' dir='ltr'>Ι</span> <span class='ocrx_word' id='word_1_347' title='bbox 534 3809 614 3860; x_wconf 87' lang='lat' dir='ltr'>rixam</span> <span class='ocrx_word' id='word_1_348' title='bbox 625 3811 760 3861; x_wconf 79' lang='lat' dir='ltr'>Icoobsiur</span> <span class='ocrx_word' id='word_1_349' title='bbox 772 3809 783 3879; x_wconf 70' lang='lat' dir='ltr'>ss</span> <span class='ocrx_word' id='word_1_350' title='bbox 795 3813 807 3862; x_wconf 79' lang='lat' dir='ltr'>l</span> <span class='ocrx_word' id='word_1_351' title='bbox 822 3809 955 3863; x_wconf 83' lang='lat' dir='ltr'>rideamus</span> <span class='ocrx_word' id='word_1_352' title='bbox 967 3809 977 3878; x_wconf 91' lang='grc' dir='ltr'>ΙΙ</span> <span class='ocrx_word' id='word_1_353' title='bbox 993 3813 1023 3862; x_wconf 87' lang='grc'>10</span> <span class='ocrx_word' id='word_1_354' title='bbox 1034 3811 1064 3860; x_wconf 82' lang='lat' dir='ltr'>io</span> <span class='ocrx_word' id='word_1_355' title='bbox 1075 3815 1188 3862; x_wconf 73' lang='lat' dir='ltr'>mentm</span> 
     </span>
     <span class='ocr_line' id='line_1_44' title="bbox 114 3874 1189 3949; baseline 0 -20"><span class='ocrx_word' id='word_1_356' title='bbox 114 3880 182 3929; x_wconf 82' lang='lat' dir='ltr'>mito·</span> <span class='ocrx_word' id='word_1_357' title='bbox 197 3881 273 3928; x_wconf 78' lang='lat' dir='ltr'>omit</span> <span class='ocrx_word' id='word_1_358' title='bbox 290 3893 347 3930; x_wconf 85' lang='lat' dir='ltr'>earn</span> <span class='ocrx_word' id='word_1_359' title='bbox 363 3877 510 3944; x_wconf 87' lang='lat' dir='ltr'>impedituri</span> <span class='ocrx_word' id='word_1_360' title='bbox 528 3877 587 3944; x_wconf 86' lang='lat' dir='ltr'>quia</span> <span class='ocrx_word' id='word_1_361' title='bbox 602 3874 612 3945; x_wconf 82' lang='grc' dir='ltr'>ΙΙ</span> <span class='ocrx_word' id='word_1_362' title='bbox 628 3881 658 3930; x_wconf 83' lang='grc'>13</span> <span class='ocrx_word' id='word_1_363' title='bbox 677 3878 704 3929; x_wconf 90' lang='lat' dir='ltr'>iu</span> <span class='ocrx_word' id='word_1_364' title='bbox 721 3884 777 3930; x_wconf 86' lang='lat' dir='ltr'>utra</span> <span class='ocrx_word' id='word_1_365' title='bbox 795 3881 868 3946; x_wconf 84' lang='lat' dir='ltr'>parte</span> <span class='ocrx_word' id='word_1_366' title='bbox 885 3877 984 3930; x_wconf 80' lang='lat' dir='ltr'>Daniel</span> <span class='ocrx_word' id='word_1_367' title='bbox 993 3875 1003 3949; x_wconf 69' lang='lat' dir='ltr'>fl</span> <span class='ocrx_word' id='word_1_368' title='bbox 1022 3880 1054 3931; x_wconf 76' lang='lat'>32</span> <span class='ocrx_word' id='word_1_369' title='bbox 1073 3878 1189 3940; x_wconf 75' lang='lat' dir='ltr'>fortasse</span> 
     </span>
     <span class='ocr_line' id='line_1_45' title="bbox 116 3945 1128 4022; baseline -0.003 -22"><span class='ocrx_word' id='word_1_370' title='bbox 116 3947 209 4000; x_wconf 85' lang='lat' dir='ltr'>ostium</span> <span class='ocrx_word' id='word_1_371' title='bbox 227 3949 343 3998; x_wconf 87' lang='lat' dir='ltr'>nostrum</span> <span class='ocrx_word' id='word_1_372' title='bbox 358 3947 363 4014; x_wconf 73' lang='lat' dir='ltr'>l</span> <span class='ocrx_word' id='word_1_373' title='bbox 378 3945 497 3999; x_wconf 87' lang='lat' dir='ltr'>exsonuit</span> <span class='ocrx_word' id='word_1_374' title='bbox 511 3961 564 4012; x_wconf 84' lang='lat' dir='ltr'>pro</span> <span class='ocrx_word' id='word_1_375' title='bbox 582 3945 668 3999; x_wconf 90' lang='lat' dir='ltr'>sonuit</span> <span class='ocrx_word' id='word_1_376' title='bbox 684 3950 821 3999; x_wconf 70' lang='lat' dir='ltr'>novimum</span> <span class='ocrx_word' id='word_1_377' title='bbox 837 3946 848 4022; x_wconf 68' lang='lat' dir='ltr'>q</span> <span class='ocrx_word' id='word_1_378' title='bbox 865 3948 897 4000; x_wconf 79' lang='lat'>35</span> <span class='ocrx_word' id='word_1_379' title='bbox 914 3947 1088 4014; x_wconf 86' lang='lat' dir='ltr'>remissaeque</span> <span class='ocrx_word' id='word_1_380' title='bbox 1107 3947 1128 3997; x_wconf 92' lang='lat'><em>0</em></span> 
     </span>
    </p>
   </div>
   <div class='ocr_carea' id='block_1_9' title="bbox 0 0 1402 4476">
    <p class='ocr_par' dir='ltr' id='par_1_15' title="bbox 0 0 1402 4476">
     <span class='ocr_line' id='line_1_46' title="bbox 0 0 1402 4476; baseline 0 0"><span class='ocrx_word' id='word_1_381' title='bbox 0 0 1402 4476; x_wconf 95' lang='lat' dir='ltr'> </span> 
     </span>
    </p>
   </div>
  </div>
 </body>
</html>
