2780 4480
562 183 764 237 FRAGMENTA

595 355 728 417 XXVIIII

230 453 336 517 Iollunt
350 473 406 518 nos
421 456 507 530 oeuII,
521 457 645 536 vaquue
660 477 766 520 sensns

229 558 372 620 oppressa
386 541 501 602 ratione
518 543 713 604 mentiuntur.

229 643 298 686 nem
313 626 412 700 turrIs,
427 641 521 707 prope
538 645 613 704 quae
629 629 769 706 quadrata
785 630 889 709 surgit,

229 710 344 772 detritis
358 710 465 791 proeul
479 711 595 791 angulis
610 721 733 774 rotatur.

227 793 391 875 Hyblaeum
405 796 514 876 refugit
529 806 611 858 satur
625 797 781 876 liquorem,

229 888 259 940 et
274 881 354 942 neris
368 881 475 944 oesiam
491 883 665 960 frequenter
680 883 750 943 odit.
782 898 784 902 ’

228 963 286 1026 hoo
301 966 350 1027 illo
365 965 458 1046 magis
472 975 523 1027 aut
537 967 636 1028 minus
652 967 769 1047 plaeere

228 1068 291 1110 non
306 1059 417 1131 posset,
433 1051 491 1112 nisi
506 1051 557 1112 lite
573 1052 717 1114 destinata
782 1053 783 1061 ’

226 1145 396 1216 pugnarent
410 1135 500 1196 dubio
515 1144 619 1198 tenore
634 1155 740 1199 sensus

206 1235 222 1285 6
240 1234 317 1286 meris

619 1355 698 1418 XXX

228 1457 353 1531 somnio,
369 1474 444 1534 quae
459 1465 574 1520 mentes
589 1455 696 1519 ludunt
711 1457 900 1520 volitantibus
915 1459 1039 1535 umbus,

227 1560 289 1602 non
305 1541 427 1602 delubro
442 1541 531 1604 deum
546 1560 602 1604 neo
617 1543 653 1604 ab
669 1543 788 1604 aethere
804 1543 928 1604 numina
943 1545 1073 1621 mittunt,

226 1625 278 1688 sed
292 1626 348 1687 sibi
364 1626 490 1706 quisque
505 1628 582 1688 feeit.
613 1646 682 1688 nam
698 1646 766 1689 oum
781 1637 927 1706 prostrata
942 1647 1050 1709 sopore

226 1720 335 1790 urguet
349 1711 482 1773 membra
498 1712 581 1792 quies
596 1721 626 1772 et
639 1731 724 1774 mens
739 1712 804 1774 sine
818 1713 952 1793 pondere
966 1714 1049 1790 ludit,
1144 1727 1146 1732 ’

226 1796 365 1876 quioquid
381 1796 447 1861 luee
462 1797 526 1871 tuit,
541 1797 674 1859 tenebris
688 1799 756 1877 agit.
787 1798 894 1877 oppidu
910 1798 988 1860 bello

225 1881 276 1960 qui
291 1881 386 1961 quatit
400 1890 430 1943 et
444 1882 569 1944 flammis
584 1882 765 1945 miserandas
779 1884 858 1944 eruit
872 1884 971 1960 urbes,

225 1966 282 2027 tela
298 1966 376 2027 videt
389 1983 546 2046 versasque
560 1967 639 2030 acies
654 1976 685 2029 et
699 1969 804 2030 funere
819 1986 924 2048 regum

225 2058 313 2131 atque
329 2053 513 2114 exundantes
528 2053 651 2132 profuso
667 2055 813 2133 sunguine
829 2071 957 2134 campos.

225 2135 394 2215 quieausos
410 2155 495 2198 orare
510 2137 616 2212 solent,
627 2138 771 2218 iegesque
787 2141 944 2216 forumque

149 2229 180 2282 10
224 2229 255 2281 et
268 2221 364 2300 paridi
379 2230 507 2282 cernunt
520 2222 668 2284 Inclusum
685 2218 793 2284 ehorte'
804 2222 942 2284 tribunal.

225 2305 326 2367 condit
340 2324 444 2368 avarus
459 2325 532 2387 opes
547 2308 757 2388 defossumque
772 2307 886 2368 invenit
897 2325 1011 2368 aurum.

222 2399 346 2452 venator
359 2392 450 2461 saltus
465 2391 587 2453 canibus
602 2393 703 2470 quatit.
732 2393 821 2472 eripit
834 2391 923 2454 undis

223 2483 274 2536 aut
287 2477 397 2556 premit
411 2494 542 2538 eversam
557 2477 707 2557 periturus
723 2477 819 2541 navita
833 2495 973 2556 puppem.
1073 2547 1076 2550 g

223 2559 326 2623 scribit
341 2562 463 2622 amatori
478 2563 627 2636 meretrix,
643 2561 693 2624 dat
706 2562 839 2624 adultera
853 2580 971 2623 munus

149 2655 179 2705 15
223 2641 266 2730 [et
280 2646 361 2708 oanis
376 2647 406 2707 in
422 2646 534 2709 somnis
548 2646 658 2726 leporis
673 2648 793 2726 vestIgia
809 2643 908 2730 latrat]

223 2731 255 2792 in
271 2731 367 2794 noetis
383 2733 510 2812 spetIum
525 2731 701 2794 miserorum
716 2733 838 2795 vulnere
853 2734 962 2819 durent

205 2832 235 2882 10
254 2829 330 2884 eorde

544 2967 547 2971 ·
596 2950 710 3013 XXXI*

222 3051 322 3112 Indica
338 3069 490 3132 purpureo
506 3052 610 3131 genuit
631 3070 679 3113 me
694 3051 780 3114 litore
795 3050 891 3125 tellus,

260 3136 407 3198 ‘condidus
422 3155 548 3198 accenso
563 3155 620 3216 qna
636 3137 713 3198 redit
728 3137 801 3198 orbe
815 3136 887 3198 dies.

220 3220 270 3282 hie
285 3239 339 3301 ego
354 3221 469 3284 divinos
483 3221 561 3283 inter
576 3231 735 3302 generatus
750 3223 880 3283 honores

268 3307 377 3368 mutuvi
392 3306 476 3368 Latio
490 3306 614 3370 barbare
628 3308 716 3369 verba
731 3326 816 3370 sono.

161 3401 176 3451 t
220 3391 277 3452 iam
292 3391 404 3452 dimitte
418 3400 496 3464 tuos,
511 3392 607 3454 Paean
624 3413 641 3454 o
657 3393 807 3473 Delphme,
822 3410 948 3472 cygnos:

268 3476 386 3556 dignior
399 3477 472 3538 haee
487 3496 542 3538 vox
557 3488 602 3539 est
618 3497 693 3558 quae
708 3488 758 3540 tun
772 3479 881 3557 templa
896 3476 975 3537 eolat

199 3593 264 3644 dudo
288 3595 404 3644 earmina·
425 3598 452 3643 ot
473 3595 643 3659 sequentibus
665 3596 785 3646 Petronii
805 3609 901 3645 nomen
926 3591 1054 3644 Claudius
1074 3591 1188 3642 dinetus

105 3661 1187 3796 ttttttdottttuttt'tstdtttmttttdttmdtttttt

107 3797 306 3917 Fuoeethgbet
325 3865 496 3917 Burmannus
511 3865 555 3933 II3
578 3867 610 3917 de
628 3865 766 3932 elephanto
790 3863 875 3917 bellua
897 3863 998 3916 diuinos
1019 3862 1086 3915 inter
1111 3878 1187 3931 gene-

106 3937 182 3984 ratur
199 3931 292 3985 odores
310 3932 476 3984 Dracontius
492 3935 525 3985 de
542 3935 591 3986 deo
609 3933 625 3984 1
639 3933 691 3987 308

946 4016 982 4070 8*
