2772 4476
559 197 698 252 sarman
820 267 825 278 Ι
1027 165 1030 172 ’
1122 199 1160 260 at

48 377 75 428 11
93 387 158 432 rem
174 368 308 432 Terentii
323 370 462 451 coponis:
479 369 626 433 noveratis
642 371 787 434 llelissam
802 371 1007 448 Tarentinam,
1030 373 1169 454 pulcher·
1226 406 1232 415 1

93 456 204 517 rimum
221 454 424 540 bacciballum.
454 457 505 518 sed
527 475 582 537 ego
597 476 659 518 non
681 457 866 518 mehercules
881 460 1074 540 corporaliter
1087 460 1168 522 111333
1210 441 1237 518 l(

92 550 145 602 aut
164 548 289 621 propter
309 559 357 602 res
380 542 513 603 venerias
535 543 648 614 curavi,
670 541 720 603 sed
742 543 837 621 magis
858 544 938 621 quod
960 543 1037 606 bene
1057 553 1170 607 morata

93 627 160 688 tuit
190 627 214 688 31
231 626 301 705 quid
317 626 354 687 ab
369 627 417 687 illa
432 626 518 707 petii,
541 645 693 706 nunquam
709 628 781 689 mihi
804 638 959 706 negatum3
981 631 1052 691 iecit
1066 647 1170 705 assem,
1202 684 1208 694 .

56 722 71 771 5
93 711 245 774 semissem
262 711 367 788 babui;
383 713 516 794 quicquid
536 713 632 786 hebui,
649 712 678 773 in
696 713 773 774 illius
788 713 887 775 sinum
902 714 1090 788 demandavi,
1114 733 1171 777 neo

94 815 227 876 unquam
243 797 381 859 fefellitus
396 815 470 859 sum.
501 798 588 860 huius
603 797 824 859 contubernalis
839 800 874 860 ad
886 799 983 861 villam
998 818 1170 880 supremum

95 882 174 943 diem
196 881 277 942 obiit.
314 883 413 961 itaque
433 901 488 963 per
508 892 624 945 scutum
643 901 697 962 per
713 901 830 944 ocream
845 901 900 964 ego
916 885 1045 963 aginavi,
1067 903 1172 964 quern·

97 967 254 1028 admodum
269 967 305 1028 ad
321 968 400 1029 illam
415 967 617 1048 pervenirem:
637 972 715 1032 331113
736 976 850 1044 autem,
873 970 904 1030 in
928 970 1070 1048 angustiis
1085 971 1172 1032 amici

96 1060 251 1132 apparent·
281 1054 358 1114 tone
373 1053 512 1115 dominus
527 1054 656 1134 Capuam
679 1053 791 1115 exierat
813 1054 848 1115 ad
871 1065 970 1117 scruta
992 1057 1065 1118 scita
1079 1073 1170 1136 erpe-
1189 1058 1232 1120 62

44 1146 73 1200 tu
95 1137 210 1198 diendo.
249 1148 353 1201 nactus
376 1157 430 1218 ego
453 1139 640 1201 occasionem
668 1139 831 1220 persuadeo
853 1138 1000 1220 hospitem
1024 1149 1170 1216 nostrum,

97 1231 130 1284 ut
157 1241 274 1284 mecum
305 1223 342 1284 ad
371 1225 508 1302 quintum
537 1224 694 1286 miliarium
722 1225 829 1286 veniat.
867 1233 930 1286 erat
958 1236 1054 1287 autem
1078 1226 1171 1300 miles,

96 1308 182 1369 fortis
195 1317 336 1387 tanquam
352 1308 457 1371 Orcus.
488 1311 678 1390 apoculamus
693 1329 749 1372 nos
764 1310 842 1371 circa
857 1311 1019 1388 gallicinia,
1042 1311 1112 1372 luna
1126 1311 1173 1373 lu-

96 1393 183 1454 cebat
197 1403 337 1472 tanquam
355 1395 486 1456 meridie.
523 1396 657 1456 venimus
672 1396 749 1456 intra
763 1395 963 1457 monimenta:
986 1397 1073 1458 bomo
1089 1415 1173 1458 meus

97 1479 197 1558 coepit
212 1479 251 1540 ad
263 1480 351 1541 stelas
366 1482 473 1555 lacere,
488 1481 575 1542 sedeo
592 1499 647 1560 ego
663 1480 869 1542 cantabundus
890 1489 919 1542 et
934 1482 1021 1542 stelas
1036 1498 1172 1543 numero.

48 1573 75 1624 11
97 1564 203 1626 deinde
219 1573 253 1625 ut
268 1566 384 1645 respexi
400 1566 436 1626 ad
452 1566 605 1641 comitem,
628 1565 676 1627 ille
699 1565 779 1626 exuit
793 1583 825 1626 33
841 1574 871 1626 31
885 1567 985 1626 omnia
999 1567 1173 1628 vestimenta

98 1651 262 1711 secundum
277 1651 352 1711 viam
375 1651 484 1730 posuit.
514 1650 586 1711 mihi
608 1651 705 1711 anima
726 1650 757 1710 in
781 1668 853 1712 naso
876 1669 955 1723 esse,
977 1650 1090 1712 stabam
1105 1659 1172 1711 tan-

99 1751 187 1813 quam
210 1744 354 1796 mortuus.
391 1744 421 1797 at
442 1736 491 1796 ille
512 1735 733 1797 circumminxit
754 1735 926 1796 vestimenta
948 1753 1000 1796 sua
1023 1745 1052 1796 31
1074 1736 1173 1798 subito

98 1820 188 1900 lupos
203 1820 297 1882 iactus
320 1831 373 1882 est.
403 1822 495 1882 nolite
517 1839 565 1882 me
587 1821 678 1882 iocari
701 1829 805 1900 putare
812 1829 876 1896 ;'ut
898 1821 1038 1895 mentiar,
1062 1819 1174 1882 nullius

98 1905 312 1984 patrimonium
326 1906 402 1967 tanti
415 1907 499 1968 13313.
534 1907 594 1981 sed,
618 1906 697 1985 quod
712 1923 870 1985 coeperam
885 1905 999 1980 dicere,
1014 1913 1173 1985 postquam

48 2000 77 2052 tt
98 1990 187 2070 lupus
208 1993 303 2052 lactus
319 2001 376 2066 est,
398 1993 512 2054 ululare
536 1992 634 2071 coepit
655 2000 684 2053 et
704 1993 735 2052 in
751 1991 837 2052 silvas
852 1990 935 2070 sugit.
965 2009 1021 2068 ego
1036 1991 1175 2070 primitus

100 2076 269 2137 nesciebam
292 2075 342 2137 ubi
365 2096 475 2152 essem,
498 2078 605 2139 deinde
627 2077 751 2151 accessi,
773 2085 807 2137 ut
821 2077 995 2138 vestimenta
1010 2076 1073 2137 eins
1087 2076 1174 2137 tolle-

99 2179 179 2222 rem:
201 2162 249 2223 illa
271 2171 368 2223 autern
391 2162 504 2242 lapidea
526 2163 601 2224 lacta
623 2170 702 2224 sunt.
733 2162 782 2241 qui
805 2162 880 2222 mori
902 2161 1008 2222 timore
1024 2161 1080 2222 nisi
1096 2158 1175 2240 egoi

99 2246 227 2325 gladium
244 2255 342 2308 tamen
358 2248 463 2309 strinxi
479 2248 552 2309 etin
568 2255 628 2309 tota
643 2247 688 2308 313
703 2246 825 2308 umbras
840 2246 942 2320 cecidi,
958 2245 1054 2307 donec
1069 2246 1104 2307 ad
1120 2245 1174 2306 vil-

99 2331 158 2393 lam
180 2333 291 2394 amicae
312 2351 396 2394 meae
410 2333 606 2411 pervenirem.
637 2341 670 2394 ut
690 2333 771 2392 larua
791 2331 914 2405 intravi,
934 2349 1030 2410 paene
1045 2330 1173 2391 animam

50 2425 77 2478 11
100 2417 226 2492 ebulliri,
243 2418 335 2479 sudor
350 2418 421 2478 mihi
436 2437 492 2498 per
505 2418 653 2479 bifurcum
668 2416 797 2490 volabat,
820 2414 899 2476 oculi
913 2415 1037 2489 mortui,
1053 2415 1100 2475 vix
1115 2433 1175 2475 un-

11 2509 13 2522 ·
101 2504 422 2581 quamreloctussum.
459 2503 576 2565 Melissa
598 2521 664 2564 mea
685 2500 785 2562 mirari
801 2501 914 2581 coepit,
936 2501 1090 2580 quodtam
1106 2517 1174 2561 sero
1227 2511 1235 2534 ³

100 2588 300 2663 ambularem,
322 2598 350 2650 et
367 2589 410 2650 “si
425 2589 513 2650 ante''
527 2589 625 2668 inquit
641 2588 804 2660 “venisses,
827 2586 928 2647 saltem
944 2585 1031 2647 nobis
1045 2585 1175 2674 adiutas-

100 2692 162 2750 ses;
187 2674 275 2754 lupus
297 2675 376 2736 enim
397 2674 495 2736 villa'm
514 2674 633 2735 intravit
653 2682 683 2734 et
705 2671 803 2734 omnia
828 2688 936 2751 pecora
946 2670 1085 2751 perculit,
1107 2677 1174 2732 tan·

101 2776 191 2836 quam
212 2760 309 2821 lanius
328 2760 504 2839 sanguinem
518 2759 576 2821 illis
596 2759 684 2820 misit.
717 2776 772 2819 neo
789 2766 886 2818 tamen
910 2756 1025 2830 derisit,
1047 2755 1135 2816 etiam
1150 2755 1175 2817 si

50 2852 77 2904 at
98 2843 191 2922 lugit3
212 2863 313 2906 331333
336 2845 416 2906 enirn
432 2853 536 2906 noster
557 2845 658 2906 lancea
674 2843 781 2904 collum
798 2842 861 2904 eius
875 2840 1017 2902 traiecit”.
1055 2841 1128 2902 haec
1143 2849 1176 2902 ut

102 2929 215 3004 audivi,
230 2929 346 3010 operire
362 2929 464 2992 oculos
478 2929 605 3010 amplius
620 2947 682 2991 non
698 2927 796 3007 potui,
811 2927 862 2989 sed
878 2927 945 2988 luce
960 2925 1035 2987 clara
1052 2925 1104 2986 Gai
1120 2943 1176 2988 no-

101 3014 155 3078 stri
171 3014 291 3077 domum
306 3017 368 3096 lugi
383 3025 524 3096 tanquam
539 3032 615 3094 copo
631 3013 822 3093 compilatus,
846 3019 875 3073 et
889 3018 1045 3092 postquam
1061 3010 1130 3071 veni
1144 3009 1175 3070 in

101 3099 184 3164 illum
199 3100 314 3175 locum,
337 3103 367 3162 in
385 3119 444 3181 quo
460 3101 573 3180 lapidea
588 3099 762 3162 vestimenta
778 3105 864 3158 erant
878 3097 967 3166 lacta,
989 3094 1062 3156 nibil
1078 3094 1177 3156 inveni

103 3185 159 3248 nisi
181 3186 368 3266 sanguinem.
403 3196 437 3248 ut
458 3203 528 3247 vero
551 3186 674 3247 domum
694 3184 778 3256 reni,
800 3180 914 3243 iacebat
935 3179 1020 3241 miles
1040 3197 1124 3241 meus
1145 3179 1176 3240 in

53 3276 79 3327 at
101 3271 179 3334 lecto
195 3279 336 3348 tanquam
351 3272 448 3348 bovis,
464 3282 493 3333 et
509 3271 619 3333 collum
634 3270 712 3332 illius
727 3267 860 3329 medicus
875 3264 1007 3326 curabat.
1046 3264 1177 3326 intellexi

102 3355 190 3418 illum
205 3354 387 3440 versipellem
404 3375 477 3432 esse,
494 3373 551 3418 nec
565 3364 667 3436 postea
683 3371 751 3415 cum
764 3353 813 3413 illo
828 3369 936 3431 panem
952 3358 1071 3430 gustare
1082 3350 1177 3430 potui,

104 3459 167 3504 non
191 3438 217 3500 si
239 3455 287 3499 rne
309 3440 473 3502 occidisses.
508 3442 636 3503 viderint
655 3440 703 3502 alii
730 3437 800 3518 quid
823 3439 859 3498 de
880 3437 937 3498 boo
958 3435 1178 3516 exopinissent3

104 3543 161 3605 ego
176 3524 201 3586 si
216 3522 356 3598 mentior,
372 3525 475 3602 genios
488 3535 604 3589 vestros·
615 3527 707 3588 iratos
719 3522 862 3586 habeam!
1142 3521 1146 3532 '

193 3695 208 3746 2
226 3691 308 3754 illam]
326 3693 413 3744 autem
429 3687 439 3760 ΙΙ
461 3693 476 3743 3
494 3691 560 3742 bene
576 3692 670 3743 moriar
687 3689 696 3758 ΙΙ
718 3694 735 3744 4
753 3695 823 3742 certa
841 3689 948 3756 quidem
965 3690 1005 3739 est
1018 3689 1105 3752 periit
1117 3691 1182 3753 port

105 3765 225 3828 negatum
245 3759 255 3831 11
272 3762 288 3814 6
306 3758 400 3842 ¹sedebit
412 3773 492 3840 'usum
511 3757 663 3822 Sobafferua
674 3756 709 3826 111
728 3758 770 3824 egi
786 3757 887 3838 aginavi
898 3757 908 3823 11
925 3758 941 3808 9
960 3768 1041 3820 capue
1056 3754 1066 3824 ΙΙ
1085 3757 1115 3807 14
1133 3755 1179 3836 sed

105 3827 235 3968 calli
251 3829 590 3963 decalescat
607 3825 865 3962 traseae
884 3819 1179 3960 1111111111

107 3965 169 4019 alibi
187 3965 363 4034 exopinissent
