2780 4480
563 187 703 242 sarthan
1131 185 1170 249 93

47 368 73 418 L
91 360 211 423 aiebam
237 360 272 421 ‘si
299 359 421 423 callidus
447 369 580 440 captator
605 361 821 440 exploratorem
846 362 878 423 in
903 363 1032 424 Africam
1048 363 1174 426 'miserit

90 445 345 524 mendaciumque
367 446 597 526 deprehenderit
623 444 782 508 nostrum?
817 447 902 525 quid,
929 449 954 510 si
980 449 1068 510 etiam
1093 467 1173 510 mer-

92 531 257 594 cannarius
272 527 434 614 [Eumolpi]
456 531 605 611 praesenti
627 531 766 594 felicitate
779 531 873 594 lassus
892 533 1034 595 indicium
1049 535 1085 595 ad
1100 535 1173 596 ami-

92 635 148 680 cos
163 616 303 678 detulerit
317 623 470 695 totamque
488 616 631 678 fallaciam
653 617 794 679 invidiosa
815 618 984 698 proditione
1006 617 1173 682 detexerit?

59 715 74 762 5
95 719 208 782 nempe
230 719 334 763 rursus
355 702 529 782 fugiendum
550 703 607 763 erit
621 709 652 762 et
671 703 791 763 tandem
819 711 987 784 expugnata
1013 713 1173 784 paupertas

93 806 173 850 nova
187 786 377 849 mendicitate
392 787 565 849 revocanda.
600 787 641 848 dii
661 787 802 867 deaeque,
825 807 913 868 quam
935 790 1010 850 male
1033 796 1077 852 cst
1092 797 1173 852 extra

94 874 194 953 legem
207 871 390 934 viventibus:
408 872 547 952 quicquid
563 880 749 948 meruerunt,
764 891 882 954 semper
898 875 1062 954 expectant’

625 978 642 1017 t

183 1042 263 1122 ‘quia
278 1043 357 1104 nosti
370 1060 508 1104 venerem
524 1049 614 1117 tuam,
635 1042 803 1124 snperbiam
820 1051 920 1123 captas
934 1044 1096 1124 vendisque
1111 1063 1173 1106 am·
1196 1045 1258 1108 126

95 1128 212 1208 plexus,
228 1147 291 1188 non
303 1128 482 1190 commodas.
509 1147 569 1208 quo
581 1129 662 1190 enim
676 1136 812 1208 spectant
822 1129 914 1190 tlexae
928 1130 1048 1209 pectine
1064 1149 1174 1206 comae,

47 1223 78 1274 10
97 1231 158 1292 quo
180 1213 271 1274 iacies
290 1212 485 1274 medicamine
506 1214 605 1275 attrita
620 1221 650 1275 et
663 1214 820 1275 oculorum
842 1233 962 1294 quoque
976 1215 1073 1277 mollis
1087 1225 1174 1296 petu-

97 1299 200 1374 lantia,
215 1316 275 1378 quo
290 1299 424 1360 incessus
435 1305 498 1360 arte
507 1299 690 1379 compositus
701 1307 732 1360 et
742 1318 781 1360 ne
796 1300 916 1379 vestigia
932 1300 1051 1379 quidem
1065 1301 1175 1382 pedum

96 1391 182 1445 extra
206 1401 377 1446 mensuram
405 1384 587 1457 aberrantia,
614 1385 671 1446 nisi
698 1384 777 1463 quod
798 1385 923 1446 formam
945 1384 1115 1464 prostituis,
1142 1395 1177 1448 ut

96 1466 232 1531 vendas?
248 1468 328 1530 rides
341 1487 404 1530 me:
421 1487 478 1530 nec
489 1469 611 1547 auguria
623 1468 692 1531 novi
704 1488 760 1530 nec
774 1470 1051 1532 mathematicorum
1062 1472 1175 1534 caelum

100 1572 208 1617 curare
223 1554 314 1628 soleo,
331 1573 366 1614 ex
380 1553 511 1616 vultibus
525 1563 623 1615 tamen
640 1554 793 1616 hominum
809 1572 907 1616 mores
923 1555 1046 1634 colligo,
1063 1564 1175 1618 etcum

52 1648 81 1699 15
98 1639 276 1718 spatiantem
290 1639 364 1713 vidi,
385 1640 456 1719 quid
477 1639 587 1719 cogitet
601 1639 672 1700 scio.
702 1639 761 1700 sive
782 1657 853 1719 ergo
870 1639 957 1701 nobis
978 1640 1081 1702 vendis
1095 1641 1176 1720 quod

97 1732 185 1805 peto,
205 1732 353 1785 mercator
369 1733 489 1804 paratus
504 1732 562 1799 cst,
578 1725 638 1786 sive
653 1724 732 1803 quod
748 1725 906 1787 humanius
921 1732 980 1799 est,
996 1726 1174 1801 commodas,

98 1811 185 1871 cilice
200 1817 235 1871 ut
248 1808 425 1871 beneficium
437 1809 607 1872 debeamus.
636 1827 705 1870 nam
721 1809 801 1889 quod
816 1827 934 1872 servum
944 1818 975 1871 te
989 1818 1020 1871 et
1032 1811 1176 1873 humilem

99 1895 216 1970 fateris,
237 1895 376 1956 accendis
396 1894 575 1957 desiderium
589 1895 758 1958 aestuantis
787 1895 931 1974 quaedam
953 1895 1033 1956 enim
1048 1897 1176 1959 laminae

99 1980 238 2042 sordibus
253 1979 366 2055 calent,
383 1999 439 2041 nec
453 1980 607 2042 libidinem
622 1981 783 2055 concitant,
799 1979 856 2042 nisi
871 1987 921 2041 aut
935 1999 1036 2043 servos
1049 1983 1178 2044 viderint

54 2075 83 2125 tc
100 2075 152 2126 aut
174 2072 300 2127 statores
321 2065 408 2127 altius
430 2066 554 2128 cinctos.
583 2067 695 2126 harena
717 2065 786 2127 alias
809 2066 944 2127 accendit
965 2075 1015 2126 aut
1036 2069 1177 2148 pertusus

99 2150 223 2232 pulvere
236 2150 328 2213 mulio
343 2158 394 2211 aut
407 2152 512 2213 histrio
527 2169 652 2213 scaenae
667 2150 865 2212 ostentatione
876 2151 1040 2213 traductus.
1071 2170 1106 2213 ex
1120 2154 1176 2214 bac

101 2244 173 2298 nota
188 2236 307 2298 domina
323 2243 368 2298 cst
381 2255 462 2298 mea:
478 2253 573 2315 usque
585 2236 621 2296 ab
638 2237 790 2298 orchestra
802 2236 1037 2314 quattuordecim
1048 2237 1177 2300 transilit

101 2329 131 2382 et
146 2322 179 2382 in
195 2329 325 2396 extrema
339 2321 426 2401 plebe
441 2321 556 2401 quaerit
571 2320 650 2400 quod
667 2320 785 2400 diligat’

171 2407 287 2486 ¹itaque
302 2407 437 2468 oratione
452 2405 641 2468 blandissima
653 2406 761 2486 plenus
776 2404 869 2483 ‘rogo'
883 2405 1005 2484 inquam
1020 2406 1176 2485 ‘numquid

56 2499 84 2550 25
102 2492 168 2566 illa,
184 2509 261 2571 quae
275 2509 323 2553 me
339 2500 432 2567 amat,
454 2501 488 2552 tu
503 2488 566 2552 esi’
595 2491 722 2551 multum
737 2490 802 2552 risit
816 2490 921 2552 ancilla
937 2500 1007 2570 post
1019 2500 1080 2552 tam
1094 2492 1177 2571 trigi-

102 2579 172 2639 dum
186 2577 306 2638 scbema
321 2587 352 2638 ct
365 2576 456 2638 ‘nolo’
470 2576 568 2656 inquit
583 2575 647 2637 ‘tibi
661 2586 721 2636 mm
742 2575 825 2636 valde
847 2576 973 2656 placeas.
1003 2595 1059 2655 ego
1080 2577 1177 2639 adhuc

101 2681 187 2725 servo
203 2680 358 2742 nunquam
373 2662 531 2736 succubui,
553 2679 609 2724 uec
623 2663 682 2722 hoc
695 2661 735 2722 dii
750 2661 865 2736 sinant,
881 2671 915 2722 ut
929 2662 1081 2742 amplexus
1096 2681 1179 2725 meos

102 2749 133 2809 in
149 2765 271 2809 crucem
286 2747 408 2809 mittam.
437 2747 565 2809 viderint
578 2754 747 2822 matronae,
771 2765 846 2825 quae
860 2747 1045 2826 dagellorum
1058 2749 1179 2828 vestigia

103 2832 293 2909 osculantur;
320 2852 375 2912 ego
398 2832 534 2895 etiamsi
556 2832 758 2908 amiliacum,
782 2850 936 2910 nunquam
958 2842 1058 2894 tamen
1074 2833 1132 2896 nisi
1147 2834 1177 2895 in

58 2927 87 2978 tt
104 2918 293 2998 equestribus
313 2917 422 2980 sedec'.
463 2917 563 2978 miran'
586 2917 724 2996 equidem
750 2925 808 2978 tam
834 2917 1000 2979 discordem
1027 2918 1179 2980 libidinem

104 3003 190 3083 coepi
213 3011 302 3082 atque
323 3003 403 3064 inter
423 3011 557 3064 monstra
575 3021 741 3078 numerare,
765 3003 842 3081 quod
859 3003 965 3063 ancilla
979 3002 1103 3065 baberet
1117 3021 1180 3065 nra-

103 3098 208 3150 tronae
224 3088 393 3168 superbiam
410 3097 439 3150 et
454 3097 589 3150 matrona
604 3088 728 3149 ancillae
742 3087 945 3149 humilitatem.
1053 3141 1055 3144 ,

45 3178 89 3230 Lo
171 3171 422 3257 iprocedcntibus
433 3173 666 3252 deindelongn'us
677 3173 750 3234 iocis
759 3173 860 3252 rogavi
871 3171 1016 3245 ancillam,
1028 3179 1062 3234 ut
1073 3172 1104 3234 in
1116 3172 1180 3252 pla·

104 3268 216 3322 tanona
237 3258 416 3338 perduceret
437 3257 596 3321 dominam.
626 3258 737 3338 placuit
750 3257 865 3338 puellae
885 3257 1051 3319 consilium.
1081 3258 1180 3337 itaque

61 3352 89 3402 35
105 3345 225 3425 collegit
239 3343 326 3406 altius
340 3345 471 3406 tunicam
485 3343 625 3423 tlcxitque
640 3362 672 3406 se
686 3343 718 3404 in
740 3361 810 3404 eum
824 3343 994 3424 daphnona,
1009 3343 1061 3422 qui
1075 3342 1181 3405 ambu-

106 3430 209 3493 lationi
232 3429 383 3492 haerebat.
416 3447 473 3491 nec
493 3430 544 3491 diu
559 3437 673 3490 morata
693 3428 844 3491 dominam
865 3428 1003 3509 producit
1023 3447 1039 3490 c
1061 3428 1181 3490 latebris

105 3516 250 3595 laterique
270 3531 338 3576 mco
364 3515 507 3596 applicat,
528 3513 682 3576 mulierem
704 3514 843 3576 omnibus
864 3513 1027 3577 simulacris
1042 3514 1181 3577 emenda·

106 3602 222 3664 tionem.
254 3599 335 3661 nulla
354 3619 411 3662 vox
434 3608 479 3663 cst
500 3617 575 3680 quae
590 3600 717 3663 formam
730 3600 795 3662 eius
808 3600 903 3681 possit
918 3598 1179 3679 comprehendere,

193 3822 209 3874 8
226 3820 362 3872 adiectum
379 3817 485 3898 Chrysis
502 3818 596 3872 ancilla
614 3818 698 3870 Circes
716 3817 749 3870 ad
766 3769 932 3938 l‘olzaennni
941 3815 956 3898 l·
972 3820 988 3870 9
1006 3815 1181 3887 commodos}

110 3889 138 3940 tt
160 3891 223 3952 arte]
242 3891 297 3940 tuta
308 3886 318 3957 ΙΙ
333 3891 364 3940 to
382 3892 482 3954 cogites
494 3886 504 3955 i
517 3890 548 3941 17
567 3886 695 3952 debeam!
712 3888 743 3938 19
759 3885 805 3938 hbr
824 3899 866 3938 me
883 3889 1045 3939 concitantur
1064 3883 1182 3937 Tornae-

106 3958 165 4006 εἰπε
175 3955 186 4024 Ι
198 3959 232 4009 td
249 3956 350 4024 aliquas
363 3956 417 4023 133
434 3955 499 4014 iocis
517 3971 568 4008 om.
587 3956 609 4008 0
624 3954 762 4023 {ancillam
780 3970 832 4008 om.
849 3955 893 4025 Li
906 3957 939 4009 at
957 3952 1109 4023 produceret
1125 3954 1149 4006 1,
