2768 4480
518 202 707 258 blliNlPPliAE
1089 203 1150 266 223

62 374 230 440 medium?
249 385 277 438 et
290 377 408 438 eiiiccre
420 377 539 456 nigrum
551 376 628 451 viris,
640 377 740 439 albuin
751 377 878 452 urinam,
890 378 1020 440 medium
1032 381 1151 461 πέψιν,

64 462 397 608 novumpeirigerare,
418 470 502 524 vetus
517 461 687 538 calefacere,
702 462 832 524 medium
849 481 913 526 esse
928 464 1085 544 prandium
1102 483 1150 526 85-

64 566 183 612 ninum

444 660 597 715 servule
616 661 779 715 tunsurus

522 766 535 826 l
552 770 699 844 (5555555)
978 853 984 866 ⁵

886 861 916 914 et
931 863 1045 914 ratione

281 942 332 996 aut
347 935 470 1013 frigidos
486 935 603 998 nimbos
618 936 677 997 cito
692 954 727 998 ac
742 936 894 999 caduciter
908 939 1023 1000 ruentis

282 1020 501 1100 pertimuerunt
515 1021 652 1100 aquatilis
667 1023 888 1101 querquedulae
904 1031 1040 1086 natantes

569 1139 596 1201 ll
612 1142 656 1215 (5)

592 1223 728 1286 trisulcae
744 1227 824 1288 iores

281 1307 406 1387 pessulis
421 1307 562 1369 liberatae
577 1307 736 1370 dehiscunt
749 1328 852 1390 graves

281 1400 368 1471 atque
385 1394 470 1454 nixae
485 1394 516 1454 in
533 1394 635 1474 pigros
651 1394 804 1456 cardinum
821 1395 958 1458 turbines

280 1600 389 1676 poniru
404 1594 547 1658 bisulcam
563 1511 815 1658 etlblribriuodam
832 1598 1010 1659 arundinem
1177 1612 1221 1663 518

568 1712 584 1748 *

278 1816 331 1859 585
344 1713 579 1878 blindum'rbpbbt
594 1717 686 1874 ibbbs,1
693 1717 723 1863 Ξ)
735 1800 818 1862 adest
832 1800 941 1882 hospes
956 1786 1085 1862 hirundo
1176 1815 1220 1866 558

549 1915 596 1976 V*
612 1921 677 1997 (15)

278 2008 434 2080 ponuntur
450 2009 556 2064 tenues
571 2003 653 2083 porri
1177 2017 1220 2070 585

403 2120 463 2179 Vl*
479 2121 571 2205 (περὶ
586 2116 776 2204 ἐδεσμάτων
792 2124 824 2198 4)

187 2219 278 2282 Varro
294 2221 403 2301 siquid
424 2221 456 2283 de
472 2221 642 2285 5515155155·
656 2228 687 2283 ire
704 2242 824 2303 555558,
848 2227 898 2306 551
917 2222 1031 2285 Veneris
1045 2228 1151 2286 5511555
1176 2238 1219 2290 581

73 2316 228 2389 55585551,
245 2305 345 2368 deiude
360 2309 392 2366 iu
408 2305 543 2385 1851115515
558 2311 668 2388 nuptiis
683 2311 796 2370 158855
810 2317 967 2387 58555155,
982 2309 1030 2371 sed
1044 2319 1070 2370 et
1086 2327 1151 2371 eum

72 2391 184 2454 nucleis
197 2394 292 2470 piueie
307 2402 359 2452 out
374 2409 438 2452 eum
453 2409 553 2452 555558
567 2409 635 2454 5555
650 2402 677 2453 81
688 2396 787 2472 pipere

548 2508 599 2570 VII
615 2513 679 2584 (10)

183 2609 312 2674 Romani
324 2609 385 2671 stili
397 2609 536 2689 Diopeues
556 2610 647 2674 Varro
662 2622 800 2674 trecentos
815 2610 910 2685 loces,
926 2632 977 2674 eeu
991 2611 1151 2694 Iuppiteres
1176 2625 1220 2677 581

74 2697 291 2767 5155555555,
307 2697 368 2758 siue
382 2696 522 2775 capitibus
537 2697 647 2760 e'niucit

160 2862 577 2928 518Ν551555.91555581185
600 2865 604 2929 Ι
627 2869 654 2917 81
676 2865 775 2917 5511558
799 2869 955 2932 corruptum
980 2864 1152 2926 forteresse·

71 2933 210 3000 Agathone
227 2936 276 2982 551
292 2929 456 3000 Epitniicnib.
479 2932 487 2995 1
509 2932 611 2984 nimbos
635 2947 701 2998 5555
725 2933 775 2985 1815
793 2932 923 2985 seducitur
943 2933 953 2998 ΙΙ
975 2933 1151 2984 missicius

74 3004 158 3067 Verg.
170 3001 237 3054 Aen.
249 2999 259 3051 l
272 3001 322 3052 148
337 2997 342 3067 Ι
357 3005 435 3066 51558
453 2998 554 3050 innixae
571 3000 598 3051 in
614 2999 745 3052 cardinum
763 2999 851 3052 155555
864 3000 990 3052 turbines:
1009 3003 1064 3050 uisi
1074 3001 1151 3053 nixae

72 3087 86 3122 5
106 3069 273 3134 Vergilianis
294 3073 384 3118 crtum
401 3071 440 3117 esi
463 3070 490 3116 51
511 3068 682 3119 scribendum
702 3073 781 3135 51558
803 3067 946 3120 1551155155
969 3068 995 3118 15
1020 3067 1150 3120 cardinum

72 3138 189 3192 turdulos
196 3135 211 3206 ,1)
224 3139 274 3190 518
287 3135 411 3187 15155555
419 3147 508 3200 grau
522 3133 581 3201 Vp.
592 3138 642 3189 324
653 3135 680 3187 11.
697 3135 701 3204 l
716 3133 942 3252 crebrinodosamp
959 3136 1009 3187 518
1021 3136 1152 3201 Auguste-

71 3221 124 3259 nus
142 3207 175 3257 de
191 3208 294 3256 musica
311 3202 345 3255 lV
360 3207 389 3257 15
407 3205 465 3254 siue
482 3206 590 3254 nomine
608 3207 736 3256 auctoris,
765 3205 902 3255 Arnobius
966 3201 1152 3256 185515851-

72 3289 124 3342 que
143 3272 237 3340 Apollo
255 3271 357 3324 diviuns
375 3273 464 3338 (immo
483 3270 594 3338 Delius),
618 3287 676 3324 eum
694 3288 708 3325 5
727 3273 818 3339 piratis
837 3271 1022 3338 maritimisque
1044 3271 1152 3336 praedo-

71 3345 150 3396 nibus
168 3345 194 3393 51
211 3340 338 3408 spoliatus
355 3340 391 3392 115
409 3339 645 3405 85181-15885555,
668 3345 697 3393 51
720 3356 751 3393 ex
776 3340 886 3393 1815551
904 3338 1060 3406 ponderibus
1084 3353 1150 3407 5558

72 3411 175 3463 15115115
194 3412 379 3475 congesserant
396 3407 507 3474 5588515,
524 3423 557 3460 58
575 3423 654 3461 unum
671 3409 773 3476 quidem
786 3408 903 3460 babuerit
916 3407 1062 3473 scripulum,
1081 3407 1150 3474 quod

72 3486 136 3547 (555
150 3477 244 3542 codes)
261 3475 440 3528 hirundinibus
458 3475 576 3542 hospitis,
595 3475 675 3529 Varro
693 3482 722 3529 ut
734 3476 796 3529 dicit
807 3475 958 3543 Menippeus
976 3474 1150 3541 (setbenipeus

72 3547 179 3611 cedere),
197 3542 363 3597 ostenderet?
381 3546 517 3609 scripsisse
534 3546 599 3595 15558
617 3548 707 3596 omnia
725 3548 812 3612 ipsum
827 3545 978 3596 Varronem
994 3545 1053 3594 ueri
1066 3543 1151 3594 simil-

73 3617 168 3667 limum
189 3613 444 3679 51158ομ5555.
463 3613 494 3662 ds
511 3612 602 3664 dubiis
619 3611 953 3679 58515155515558811.
984 3625 1076 3663 orrum.
1109 3627 1151 3661 re-

73 3687 133 3750 cepi
151 3681 224 3748 quod
241 3682 393 3736 155555551νί
410 3680 546 3731 uideretur
562 3683 727 3747 principium
740 3681 749 3748 ΙΙ
763 3683 810 3734 581
824 3682 937 3747 Apicius
1005 3681 1062 3731 311.
1092 3694 1152 3729 585-

72 3753 159 3803 tentia
171 3749 280 3800 uidetau·
291 3748 410 3799 adhunc
421 3748 528 3799 modum
541 3749 706 3800 restituenda
723 3749 820 3816 1155155
834 3749 865 3801 58
879 3748 964 3800 bulbis
979 3745 1043 3797 dixit
1055 3745 1150 3813 iniqua,

72 3820 118 3888 qui
137 3814 245 3870 Veneris
263 3816 344 3869 otium
361 3819 502 3935 ponerent,
527 3814 634 3883 proinde
656 3822 685 3869 ut
702 3817 831 3883 legitimis.
867 3818 955 3882 recepi
972 3817 1061 3893 autem
1079 3814 1153 3880 quod

70 3894 168 3940 satura
186 3901 218 3937 58
235 3887 342 3936 amorio
379 3883 623 3950 5551555555
641 3885 685 3952 551
704 3884 810 3938 Veneris
829 3887 953 3953 quaerunt
971 3887 1050 3936 otium
1071 3881 1081 3950 5
1102 3884 1151 3935 581

74 3953 262 4008 Tertullianus
279 3951 455 4004 adnationes
471 3952 481 4004 l
501 3955 532 4005 10
551 3957 577 4004 ei
593 3953 760 4020 apologetico
781 3957 812 4006 11
