2780 4480
517 167 721 222 FRAGMENTA

172 904 292 966 Seruius
305 905 344 966 od
362 902 470 984 Verpila'
482 903 551 965 Aen.
567 903 616 966 III
626 899 684 966 57:
700 904 763 964 auri
777 921 859 966 soora
871 906 972 982 lamas]
984 921 1067 966 saera
1079 905 1165 968 idest

83 989 273 1053 execrabilis.
309 999 420 1051 tractus
442 998 486 1052 est
507 998 604 1051 autem
625 1008 724 1051 sermo
745 1007 781 1050 ex
802 1009 885 1052 mora
907 989 1066 1052 Gallorum.
1097 1009 1165 1054 nam

86 1075 291 1140 Massilienses
307 1075 446 1153 quotiens
460 1074 628 1154 pestilentia
643 1072 827 1150 laborabant,
842 1094 921 1139 unns
942 1094 974 1138 se
996 1093 1030 1135 ex
1052 1095 1166 1156 paupe-

85 1161 174 1222 ribus
187 1159 331 1221 offerebat
342 1159 465 1226 alendus
478 1178 557 1221 anno
574 1160 691 1240 integro
706 1159 833 1241 publiois
848 1161 1006 1244 sumptibus
1019 1161 1165 1242 etpurio-

87 1246 173 1307 ribus
194 1245 277 1310 cibis.
307 1244 356 1306 hie
378 1254 481 1326 postea
502 1253 626 1307 ornatus
641 1243 779 1308 verbenis
794 1254 824 1308 et
844 1248 974 1310 vestibus
994 1247 1086 1308 saeris
1108 1247 1166 1310 cir·

88 1330 328 1393 eumdueebatnr
348 1349 403 1410 per
424 1339 516 1392 totam
543 1331 689 1392 civitatem
715 1349 783 1392 euna
810 1332 1056 1407 execrationibus,
1081 1332 1166 1394 utin

88 1417 192 1496 ipsum
207 1413 375 1476 reciderent
388 1405 463 1478 mala
478 1415 568 1478 totius
583 1415 715 1494 civitatis,
731 1424 761 1478 et
773 1415 815 1478 sio
826 1417 1084 1498 praecipitabatur.
1110 1417 1167 1478 boc

88 1501 237 1563 antemio
253 1500 393 1562 Petronio
409 1501 520 1563 lectuna
535 1509 579 1564 est

615 1654 642 1714 Il

179 1753 298 1816 Seruius
320 1753 358 1816 od
381 1752 488 1835 Verpili
501 1754 568 1816 Aen.
589 1753 650 1816 XII
662 1752 725 1818 159
746 1757 779 1830 de
798 1755 941 1835 feminino
963 1761 1115 1824 nominum
1137 1763 1169 1822 iu

91 1857 151 1900 ron
165 1843 333 1901 annuntium
346 1855 447 1919 penem
455 1843 650 1922 praecipiens:
665 1841 689 1903 si
705 1849 802 1903 autem
816 1842 934 1904 anarbo
947 1861 1008 1905 non
1021 1845 1168 1920 venerint,

93 1925 265 1986 eommunia
285 1932 364 1986 sunt.
400 1941 470 1984 nam
491 1925 624 1986 similiter
647 1926 810 2000 masculina
835 1936 865 1989 et
890 1927 1033 1991 feminina
1058 1931 1089 1991 in
1113 1949 1170 1991 ron

96 2017 215 2085 exeunt,
231 2018 265 2071 ut
279 2009 327 2070 bio
344 2010 459 2071 ethaeo
474 2018 611 2085 senator,
633 2012 682 2074 hio
703 2020 733 2072 et
746 2013 820 2075 haee
840 2012 1009 2091 balneator,
1032 2015 1101 2078 lieet
1114 2015 1170 2078 Pe-

94 2095 213 2156 tronius
229 2095 415 2174 usurpaverit
431 2095 658 2158 ‘balneatricem'
675 2097 778 2160 dicens
852 2147 855 2154 .

616 2249 658 2312 III

182 2347 345 2412 Pseudacro
361 2349 399 2412 od
411 2347 519 2412 Horati
538 2353 617 2431 epod.
638 2347 732 2412 Vm:
749 2350 870 2414 Canidia
889 2351 999 2415 rodens
1021 2353 1170 2433 pollinem]

98 2433 231 2498 habitum
257 2443 287 2496 et
311 2443 426 2496 motum
451 2434 589 2498 Canidiae
615 2435 759 2515 expressit
783 2437 918 2510 furentis.
955 2438 1114 2501 Petronius
1139 2448 1173 2502 ut

98 2526 279 2616 monstraret
292 2522 450 2596 iurantem,
468 2520 592 2600 ‘polliae’
608 2521 649 2588 ait
664 2522 818 2600 ‘usquead
833 2523 998 2602 perieulum
1014 2523 1093 2588 roso'

607 2673 662 2734 IIII

185 2773 324 2836 Sidonius
340 2774 515 2856 Apollinaris
530 2778 668 2838 conuiuis
686 2775 807 2837 XXIII:

281 2869 323 2920 145
368 2860 439 2940 quid
453 2878 505 2922 ros
520 2860 630 2939 eloquii
645 2879 750 2922 oanan]
765 2861 872 2940 Latini,

368 2945 505 3025 Arpinas,
521 2945 668 3020 Patavina,
685 2945 867 3022 Mantuano?
885 2983 927 2994 -

280 3037 327 3090 155·
366 3027 440 3091 et'te
455 3029 680 3092 Massiliensium
696 3047 752 3110 per
765 3032 868 3094 hortos

367 3115 443 3177 sacri
459 3115 575 3195 stipitis,
591 3115 719 3190 Arbiter,
736 3115 877 3177 oolonum

369 3199 606 3281 Hellespontiaco
622 3218 724 3280 parem
740 3199 872 3281 Priapo?

185 3301 265 3364 tangi
281 3299 388 3358 uidetur
405 3315 448 3350 ree
465 3316 545 3366 quam
557 3302 700 3352 hunnine
710 3299 847 3356 Massiliae
862 3298 965 3362 faetom
977 3315 1031 3351 oeae
1048 3297 1177 3362 finxerat,

103 3363 137 3427 ef.
153 3365 190 3429 fr.
208 3367 219 3418 I

186 3571 355 3634 Priscianus
378 3575 595 3635 institutionum
614 3570 685 3634 VIII
697 3569 740 3635 16
752 3592 782 3654 p.
804 3569 866 3635 381
889 3581 917 3635 et
941 3571 987 3634 III
998 3569 1040 3636 29
1063 3593 1091 3652 p.
1113 3567 1177 3635 567

104 3653 220 3717 Hertzii
240 3659 318 3720 inter
339 3656 469 3737 enemplo
491 3657 591 3738 quibus
613 3658 816 3738 deponentium
846 3657 1000 3721 verborum
1019 3659 1177 3740 partieipia

101 3745 253 3820 praetenti
266 3747 401 3826 temporie
412 3745 558 3827 poeu'oom
576 3743 815 3823 eipnipiootionem
837 3742 938 3805 maere
959 3741 1099 3805 desierat:
1122 3743 1177 3805 Pe·

106 3828 221 3890 tronius
235 3826 492 3890 ‘animamnostro
508 3827 671 3907 amplexam
687 3829 820 3907 peotore'

187 3927 306 3990 semiton
324 3927 457 3990 fueritin
475 3930 631 3980 benametro
649 3930 790 3996 nostroque
808 3928 951 3996 amplexam
969 3933 1074 3996 pectore
