2780 4480
690 173 836 226 GdellNh

332 429 484 494 Obscenae
498 429 592 509 rigido
609 432 664 492 deo
679 430 800 493 tabellas

331 517 432 580 dicans
447 535 483 577 ex
498 515 708 595 Elephantidos
723 515 828 577 libellis

331 601 381 663 dat
395 604 506 663 donum
521 601 626 679 Lalage
642 608 794 680 rogatque,
810 608 945 680 temptes,

331 688 355 749 si
370 687 462 766 pictas
477 704 553 766 opus
568 686 634 746 edat
649 686 684 747 ad
700 686 818 764 figuras.

748 836 771 895 V

332 924 427 996 Quam
442 940 536 1002 puero
552 923 647 1002 legem
664 922 758 982 fertur
772 921 879 984 dixisse
895 922 1028 1001 Priapus,

375 1006 508 1070 versibus
522 1008 571 1068 hic
587 1007 664 1068 inira
679 1006 788 1086 scripta
802 1006 919 1069 dnobus
934 1007 1004 1068 erit:

334 1094 425 1173 ‘quod
439 1110 522 1154 meus
537 1093 641 1153 hortus
655 1091 753 1167 habet,
769 1109 868 1154 sumas
883 1091 1005 1171 impune
1020 1091 1128 1167 licebit,

373 1179 397 1240 si
412 1177 527 1239 dederis
543 1175 639 1250 nobis,
656 1177 735 1255 quod
750 1185 818 1238 tuus
832 1177 936 1239 hortus
951 1176 1058 1239 habet’.

331 1397 418 1469 Quod
433 1415 498 1460 sum
513 1397 638 1477 ligneus,
655 1404 689 1459 ut
701 1397 791 1472 vides,
807 1396 930 1476 Priapus

331 1491 361 1545 et
375 1482 434 1544 falx
448 1484 547 1564 lignea
561 1482 736 1562 ligneasque
751 1481 845 1562 penis,

331 1567 476 1650 prendam
490 1577 519 1630 te
535 1576 632 1629 tamen
650 1573 680 1628 et
693 1567 801 1629 tenebo
817 1583 958 1646 prensam

331 1662 482 1732 totamque
496 1655 574 1715 hanc
589 1653 653 1714 sinc
669 1653 780 1727 lraude,
796 1660 1026 1732 quantacunque
1042 1657 1095 1726 est,

332 1748 482 1802 tormento
498 1739 667 1816 citharaque
682 1737 844 1798 tensiorem
915 1801 918 1805 ,

331 1825 367 1885 ad
382 1832 493 1887 costam
508 1822 562 1884 tibi
578 1822 731 1901 septimam
747 1823 915 1883 recondam.

330 2041 403 2104 Cum
419 2043 535 2121 loquor,
550 2058 611 2102 una
625 2040 697 2102 mihi
711 1955 852 2121 pxelcltgatur
866 2041 976 2116 littera;
993 2057 1061 2102 nam
1077 2047 1105 2101 te

373 2126 493 2208 pedico
509 2143 627 2206 semper
641 2126 798 2206 blaesaquc
812 2125 914 2206 lingua
928 2125 1000 2188 mihi
1015 2133 1068 2187 est

728 2277 793 2339 Vlll

331 2365 483 2427 Matronae
498 2363 604 2444 procul
618 2364 689 2425 hinc
704 2362 783 2426 abite
798 2371 910 2426 castae:

329 2459 416 2530 turpe
430 2457 475 2512 est
488 2467 541 2511 vos
554 2449 654 2529 legere
668 2449 816 2530 impudica
829 2447 928 2510 verba.
946 2481 983 2494 -

329 2554 391 2596 non
407 2535 478 2597 assis
492 2534 605 2596 faciunt
618 2543 750 2615 euntque
765 2541 859 2595 recta:

330 2619 469 2680 nimirum
481 2619 601 2699 sapiunt
614 2619 774 2699 videntque
788 2638 925 2700 magnam

330 2711 483 2765 matronae
498 2720 617 2782 quoque
632 2705 792 2766 mentulam
807 2704 944 2767 libenter.

715 2855 794 2918 Vllll

330 2941 388 3004 Gur
404 2942 533 3004 obscena
547 2941 619 3004 mihi
634 2960 702 3022 pars
717 2943 755 3004 sit
770 2943 835 3006 sine
850 2950 939 3018 veste,
956 2940 1097 3020 requiris:

370 3046 489 3108 quaere,
504 3035 584 3106 tegat
599 3028 698 3090 nullus
713 3046 767 3090 cur
782 3047 834 3090 sua
849 3027 906 3088 tela
920 3025 1002 3088 deus.

328 3114 439 3176 fulmen
455 3112 543 3174 habet
557 3113 661 3174 mundi
676 3113 823 3188 dominus,
839 3120 921 3174 tenet
934 3109 1006 3173 illud
1020 3117 1137 3192 aperte3

371 3216 427 3261 nec
442 3199 528 3260 datur
542 3216 690 3279 aequoreo
705 3198 820 3260 fuscina
834 3204 911 3258 tecta
926 3197 990 3257 doo.

271 3292 285 3343 5
329 3303 384 3346 nec
399 3283 513 3346 Mavors
529 3283 620 3360 illum,
636 3301 690 3362 per
706 3299 794 3360 quem
808 3281 892 3357 valet,
909 3280 1016 3343 occulit
1034 3299 1144 3357 ensem,

370 3387 426 3430 nec
440 3368 512 3429 latet
525 3369 555 3429 in
572 3367 672 3448 tepido
688 3366 811 3428 Palladis
826 3366 908 3428 hasta
924 3367 1000 3428 sinu.

328 3471 399 3514 num
414 3453 506 3533 pudet
521 3461 636 3516 auratas
652 3451 804 3514 Phoebum
820 3459 940 3531 portare
955 3449 1095 3533 sagittas?

370 3538 485 3600 clamne
501 3538 575 3600 solet
589 3539 754 3618 pharetram
770 3538 848 3600 ferre
863 3537 953 3598 Diana
970 3533 1076 3600 suam?

328 3641 400 3685 num
415 3622 487 3703 tegit
502 3622 618 3685 Alcides
633 3623 762 3685 nodosae
777 3621 885 3684 robora
901 3621 1020 3684 clavae?

277 3717 305 3770 10
368 3706 423 3772 sub
439 3707 539 3770 tunica
554 3708 664 3787 virgam
679 3727 753 3770 num
768 3709 841 3772 deus
855 3707 915 3770 ales
930 3704 1042 3768 habet?

219 3817 424 3830 *—

304 3859 338 3910 Vl
356 3863 371 3912 3
389 3873 509 3926 prensum
527 3859 569 3909 vel
586 3872 701 3924 pressum
720 3859 769 3910 ab‘i
787 3859 851 3910 utra·
862 3857 872 3922 ΙΙ
886 3855 928 3908 llll
946 3857 961 3907 2
979 3869 1036 3907 mea
1054 3858 1095 3908 est
1112 3856 1162 3908 aui
1174 3854 1184 3923 fl
1196 3852 1291 3908 vulla

220 3938 314 3992 quaero
329 3925 333 3994 Ι
349 3928 422 3991 signa
439 3925 490 3976 oh'c'
