2780 4480
567 183 706 236 SdTleE

32 365 85 418 Lo
141 357 249 419 invitas
264 375 312 418 me
326 357 404 418 ferre
419 373 537 418 manus.
566 356 617 418 sed
631 358 754 419 vulnere
770 375 869 436 cogor,

140 443 247 524 pulsus
258 441 295 504 ab
312 442 386 504 urbe
397 460 471 515 mea,
487 440 558 502 dum
569 442 705 505 Rhenum
718 443 863 522 sanguine
875 445 989 532 tinguo,

141 529 214 590 dum
230 527 329 589 Gallos
343 527 451 588 iterum
467 526 607 606 Capitolia
623 535 725 589 nostra
740 537 875 608 petentes

140 613 267 694 Alpibus
283 612 415 686 excludo,
431 611 577 673 vincendo
593 613 703 674 certior
723 613 799 674 exul.

141 698 290 778 sanguine
306 698 454 759 Germano
470 698 680 777 sexagintaque
695 697 852 778 triumphis

141 803 209 846 esse
225 801 339 844 nocens
354 781 450 862 coepi.
481 801 651 862 quanquam
666 801 742 862 quos
758 785 852 863 gloria
865 792 965 861 terret,

140 877 194 930 aut
210 869 260 948 qui
276 876 348 929 sunt
362 868 413 947 qui
427 867 503 928 bella
517 866 643 929 videnti
658 869 847 932 mercedibus
862 878 976 952 emptae

140 973 177 1016 ac
192 954 264 1015 viles
279 971 397 1034 operae,
414 971 541 1032 qrxorum
557 961 602 1014 est
616 971 680 1014 mea
695 954 788 1016 lloma
804 973 940 1018 noverca.

140 1049 173 1101 at
188 1057 266 1114 reor,
282 1038 359 1100 hand
373 1038 505 1117 impune,
522 1057 577 1100 nec
591 1039 669 1100 hanc
684 1040 749 1101 sine
765 1040 879 1102 vindice
894 1041 1027 1103 dextram

139 1124 253 1185 vinciet
266 1123 399 1204 ignavus.
425 1123 554 1185 victores
568 1124 608 1185 ite
622 1125 765 1198 lucentes,

141 1210 183 1270 ite
198 1209 257 1270 mei
272 1208 406 1283 comites,
422 1216 453 1269 et
467 1225 584 1270 causam
600 1208 687 1270 dicite
703 1210 793 1292 ferro,

141 1313 273 1374 namque
288 1312 393 1356 omnes
408 1312 500 1354 unum
516 1294 628 1355 crimen
644 1304 736 1368 vocat,
754 1295 892 1358 omnibus
907 1315 966 1359 una

140 1380 298 1460 impendet
311 1379 418 1440 clades.
447 1378 598 1440 reddenda
613 1387 657 1441 est
671 1381 765 1459 gratia
779 1380 871 1458 v'obis,

141 1484 207 1527 non
218 1463 375 1526 solusvici.
398 1480 498 1544 quare,
511 1465 579 1544 quia
590 1482 687 1545 poena
698 1467 827 1545 tropaeis

141 1550 280 1612 imminet
294 1557 324 1610 et
338 1549 440 1610 sordes
454 1549 562 1610 meruit
577 1550 699 1624 victoria
720 1559 829 1624 nostra,

141 1635 241 1697 iudice
256 1634 385 1696 Fortuna
401 1635 485 1695 cadat
500 1634 571 1695 alea.
599 1635 706 1696 sumite
720 1635 830 1696 bellum

142 1730 175 1782 et
189 1727 332 1800 temptate
347 1737 461 1781 manus.
492 1727 572 1780 certe
586 1737 652 1781 mea
667 1739 753 1782 causa
768 1728 889 1802 peracta
903 1729 961 1784 est:
1134 1730 1176 1782 tlt

142 1805 225 1867 inter
238 1813 283 1866 tot
297 1807 388 1866 lortes
404 1812 534 1866 armatus
549 1805 650 1866 nescio
666 1806 771 1867 vinci.''

187 1892 261 1952 haec
274 1889 327 1951 ubi
342 1889 507 1970 personuit,
523 1891 559 1951 de
575 1891 656 1952 caelo
672 1890 831 1971 Delphicus
846 1892 906 1954 ales

144 1975 246 2038 omina
259 1976 335 2036 laeta
350 1975 430 2036 dedit
444 1975 617 2054 pepulitque
633 1977 777 2038 meatibus
791 1995 886 2040 auras.

143 2080 202 2124 nec
217 2080 279 2122 non
295 2059 438 2123 horrendi
453 2060 584 2122 nemoris
599 2059 635 2123 de
650 2070 733 2140 parte
748 2062 867 2124 sinistra

142 2147 279 2209 insolitae
294 2165 381 2208 voces
395 2146 511 2206 flamma
526 2164 654 2207 sonuere
666 2148 812 2226 sequenti.

142 2233 208 2312 ipse
223 2231 303 2292 nitor
319 2231 431 2292 Phoebi
446 2231 562 2309 vulgato
579 2231 684 2292 laetior
704 2232 776 2292 orbe
810 2283 811 2288 ,

143 2317 235 2378 crevit
251 2324 281 2377 et
295 2324 396 2378 aurato
413 2315 577 2396 praecinxit
588 2316 706 2394 fulgure
719 2317 826 2378 vultus.

141 2403 250 2464 sortior
264 2400 415 2462 ominibus
429 2401 519 2462 morit
533 2401 672 2461 Mavortia
693 2401 777 2480 signa

144 2487 253 2550 Caesar
267 2495 297 2548 et
311 2485 447 2548 insolitos
462 2503 564 2563 gressu
580 2485 664 2564 prior
678 2495 806 2567 occupat
821 2503 918 2548 ausus.

142 2573 240 2653 prima
256 2570 376 2652 quidem
391 2571 497 2650 glacies
513 2578 543 2632 et
557 2589 630 2632 cana
645 2570 744 2633 vincta
758 2571 866 2651 pruina

144 2677 207 2720 non
223 2657 366 2738 pugnavit
380 2657 488 2718 humus
502 2656 626 2736 mitique
641 2657 767 2719 horrore
782 2657 901 2736 quievit.

143 2744 196 2804 sed
211 2751 370 2822 postquam
385 2750 500 2804 turmae
517 2741 634 2804 nimbos
649 2743 763 2822 fregere
778 2742 883 2820 ligatos

144 2837 176 2890 et
190 2827 313 2908 pavidus
329 2828 496 2906 quadrupes
510 2826 658 2888 undarum
672 2827 789 2889 vincula
804 2824 894 2908 rupit,

144 2912 296 2974 incaluere
312 2912 401 2974 nives.
430 2930 499 2973 mox
513 2913 634 2973 flumina
648 2913 801 2974 montibus
814 2912 879 2974 altis

143 2997 298 3059 undabant
312 2998 401 3058 modo
416 3006 493 3072 nata,
509 2998 561 3059 sed
574 2997 648 3058 haec
664 3015 836 3077 quoque-
848 2998 926 3060 iussa
940 3004 1060 3076 putares
1072 3027 1113 3041 ·-
1136 3003 1178 3055 190

144 3083 273 3158 stabant,
289 3089 320 3143 et
333 3082 430 3144 vincta
445 3083 553 3145 tluctus
567 3091 710 3162 stupuere
725 3082 820 3157 ruina,

145 3175 175 3230 et
188 3168 278 3249 paulo
294 3174 363 3229 ante
378 3168 442 3230 lues
457 3168 515 3228 iam
530 3167 714 3230 concidenda
728 3166 852 3228 iacebat.

145 3263 209 3314 tum
223 3271 293 3314 vero
309 3253 384 3314 malo
401 3253 458 3314 lida
473 3253 556 3333 prius
567 3253 685 3332 vestigia
700 3253 771 3314 lusit

145 3339 324 3419 decepitque
337 3338 444 3418 pedes;
460 3338 571 3418 pariter
585 3347 760 3418 turmaeque
775 3336 889 3415 virique

144 3441 285 3504 armaque
300 3431 442 3502 congesta
455 3433 537 3484 strue
553 3423 701 3504 deplorata
724 3421 868 3484 iacebant.

146 3527 217 3571 ecce
233 3509 321 3570 etiam
337 3508 432 3589 rigido
448 3526 609 3570 concussae
624 3509 742 3570 tlamino
758 3505 854 3569 nubes

147 3593 398 3668 exonerabantnr,
411 3611 468 3654 nec
483 3593 563 3673 rupti
578 3594 698 3655 turbine
714 3593 793 3654 venti

69 3675 72 3680 ’
145 3679 252 3741 derant
266 3687 317 3740 aut
331 3678 442 3740 tumida
454 3679 638 3740 contractum
654 3678 799 3758 grandine
816 3676 938 3741 caelum.

190 3831 238 3882 160
256 3828 332 3881 vinco
350 3828 360 3897 ΙΙ
382 3831 429 3883 165
448 3827 516 3881 cient
533 3826 682 3895 autumn
705 3831 752 3882 161
772 3830 799 3878 ut
816 3825 896 3894 reorll
914 3827 962 3878 168
981 3821 1178 3892 serentesque

101 3899 178 3950 notat
190 3895 380 3964 Schradmcrl
396 3899 444 3951 184
462 3895 567 3959 insolito
582 3895 587 3964 1
602 3895 709 3948 haustus
730 3894 771 3962 ΟΙΙ
786 3897 834 3948 188
853 3893 973 3962 gravidus
985 3891 1153 3945 Sela-odorus·
1167 3889 1177 3960 ΙΙ

103 3967 152 4020 191
173 3965 285 4034 pruinali
301 3968 348 4020 191
366 3969 443 4032 rupto
461 3965 628 4018 Monacensis
641 3962 651 4033 ll
665 3966 712 4018 198
732 3967 892 4018 contractum
909 3961 1075 4016 subrodatur
