<?xml version="1.0" encoding="UTF-8"?>
<!DOCTYPE html PUBLIC "-//W3C//DTD XHTML 1.0 Transitional//EN"
    "http://www.w3.org/TR/xhtml1/DTD/xhtml1-transitional.dtd">
<html xmlns="http://www.w3.org/1999/xhtml" xml:lang="en" lang="en">
 <head>
  <title>
</title>
<meta http-equiv="Content-Type" content="text/html;charset=utf-8" />
  <meta name='ocr-system' content='tesseract 3.04.00' />
  <meta name='ocr-capabilities' content='ocr_page ocr_carea ocr_par ocr_line ocrx_word'/>
</head>
<body>
  <div class='ocr_page' id='page_1' title='image "./satiraeetliberp00arbigoog/satiraeetliberp00arbigoog_0050.png"; bbox 0 0 2772 4476; ppageno 0'>
   <div class='ocr_carea' id='block_1_1' title="bbox 8 215 1218 3704">
    <p class='ocr_par' dir='ltr' id='par_1_1' title="bbox 8 215 1218 3704">
     <span class='ocr_line' id='line_1_1' title="bbox 554 215 1157 279; baseline -0.002 -10"><span class='ocrx_word' id='word_1_1' title='bbox 554 215 694 270; x_wconf 78' lang='lat' dir='ltr'>SthRAE</span> <span class='ocrx_word' id='word_1_2' title='bbox 1116 217 1157 279; x_wconf 73' lang='grc'>43</span> 
     </span>
     <span class='ocr_line' id='line_1_2' title="bbox 99 335 108 364; baseline 0 0"><span class='ocrx_word' id='word_1_3' title='bbox 99 335 108 364; x_wconf 65' lang='lat' dir='ltr'>Q</span> 
     </span>
     <span class='ocr_line' id='line_1_3' title="bbox 41 389 1157 470; baseline 0.005 -22"><span class='ocrx_word' id='word_1_4' title='bbox 41 399 68 448; x_wconf 82' lang='lat' dir='ltr'><em>H</em></span> <span class='ocrx_word' id='word_1_5' title='bbox 170 407 229 450; x_wconf 91' lang='lat' dir='ltr'>nec</span> <span class='ocrx_word' id='word_1_6' title='bbox 244 408 304 452; x_wconf 93' lang='lat' dir='ltr'>non</span> <span class='ocrx_word' id='word_1_7' title='bbox 321 389 499 452; x_wconf 80' lang='lat' dir='ltr'><strong>Trimalchio</strong></span> <span class='ocrx_word' id='word_1_8' title='bbox 514 390 577 470; x_wconf 92' lang='lat' dir='ltr'>ipse</span> <span class='ocrx_word' id='word_1_9' title='bbox 601 409 668 451; x_wconf 92' lang='lat' dir='ltr'>curn</span> <span class='ocrx_word' id='word_1_10' title='bbox 691 390 840 454; x_wconf 82' lang='lat' dir='ltr'>tubicines</span> <span class='ocrx_word' id='word_1_11' title='bbox 862 399 940 454; x_wconf 89' lang='lat' dir='ltr'>esset</span> <span class='ocrx_word' id='word_1_12' title='bbox 954 392 1098 467; x_wconf 86' lang='lat' dir='ltr'>imitatus,</span> <span class='ocrx_word' id='word_1_13' title='bbox 1122 389 1157 454; x_wconf 91' lang='lat' dir='ltr'>ad</span> 
     </span>
     <span class='ocr_line' id='line_1_4' title="bbox 83 473 1158 574; baseline 0.002 -38"><span class='ocrx_word' id='word_1_14' title='bbox 83 474 205 536; x_wconf 82' lang='lat' dir='ltr'>delicias</span> <span class='ocrx_word' id='word_1_15' title='bbox 226 493 294 536; x_wconf 85' lang='lat' dir='ltr'>suas</span> <span class='ocrx_word' id='word_1_16' title='bbox 314 475 461 554; x_wconf 82' lang='lat' dir='ltr'>respexit,</span> <span class='ocrx_word' id='word_1_17' title='bbox 484 493 572 554; x_wconf 92' lang='lat' dir='ltr'>quem</span> <span class='ocrx_word' id='word_1_18' title='bbox 588 473 729 536; x_wconf 87' lang='lat' dir='ltr'>Croesum</span> <span class='ocrx_word' id='word_1_19' title='bbox 751 476 925 574; x_wconf 86' lang='lat' dir='ltr'>appellabat.</span> <span class='ocrx_word' id='word_1_20' title='bbox 963 496 1040 556; x_wconf 91' lang='lat' dir='ltr'>puer</span> <span class='ocrx_word' id='word_1_21' title='bbox 1060 485 1158 540; x_wconf 88' lang='lat' dir='ltr'>autem</span> 
     </span>
     <span class='ocr_line' id='line_1_5' title="bbox 83 559 1159 660; baseline 0.003 -39"><span class='ocrx_word' id='word_1_22' title='bbox 83 561 200 658; x_wconf 87' lang='lat' dir='ltr'>lippus,</span> <span class='ocrx_word' id='word_1_23' title='bbox 217 559 424 622; x_wconf 82' lang='lat' dir='ltr'>sordidissimis</span> <span class='ocrx_word' id='word_1_24' title='bbox 439 559 587 630; x_wconf 90' lang='lat' dir='ltr'>dentibus</span> <span class='ocrx_word' id='word_1_25' title='bbox 603 560 736 622; x_wconf 89' lang='lat' dir='ltr'>catellam</span> <span class='ocrx_word' id='word_1_26' title='bbox 752 563 866 640; x_wconf 89' lang='lat' dir='ltr'>nigram</span> <span class='ocrx_word' id='word_1_27' title='bbox 881 570 911 623; x_wconf 92' lang='lat' dir='ltr'>at</span> <span class='ocrx_word' id='word_1_28' title='bbox 912 581 970 660; x_wconf 90' lang='lat' dir='ltr'>quc</span> <span class='ocrx_word' id='word_1_29' title='bbox 985 561 1159 624; x_wconf 82' lang='lat' dir='ltr'>indecenter</span> 
     </span>
     <span class='ocr_line' id='line_1_6' title="bbox 8 644 1159 730; baseline 0.003 -24"><span class='ocrx_word' id='word_1_30' title='bbox 8 721 15 730; x_wconf 27' lang='grc' dir='ltr'>ι</span> <span class='ocrx_word' id='word_1_31' title='bbox 83 645 227 726; x_wconf 80' lang='lat' dir='ltr'>pinguem</span> <span class='ocrx_word' id='word_1_32' title='bbox 242 644 361 726; x_wconf 89' lang='lat' dir='ltr'>prasina</span> <span class='ocrx_word' id='word_1_33' title='bbox 382 644 547 706; x_wconf 83' lang='lat' dir='ltr'>involvebat</span> <span class='ocrx_word' id='word_1_34' title='bbox 567 645 656 706; x_wconf 80' lang='lat' dir='ltr'>inscia</span> <span class='ocrx_word' id='word_1_35' title='bbox 671 665 838 726; x_wconf 90' lang='lat' dir='ltr'>panemque</span> <span class='ocrx_word' id='word_1_36' title='bbox 859 648 1010 710; x_wconf 86' lang='lat' dir='ltr'>semissem</span> <span class='ocrx_word' id='word_1_37' title='bbox 1028 647 1159 727; x_wconf 87' lang='lat' dir='ltr'>ponebat</span> 
     </span>
     <span class='ocr_line' id='line_1_7' title="bbox 47 725 1158 812; baseline 0.002 -21"><span class='ocrx_word' id='word_1_38' title='bbox 47 741 62 791; x_wconf 90' lang='lat'>5</span> <span class='ocrx_word' id='word_1_39' title='bbox 84 747 175 809; x_wconf 88' lang='lat' dir='ltr'>super</span> <span class='ocrx_word' id='word_1_40' title='bbox 190 738 290 791; x_wconf 91' lang='lat' dir='ltr'>torum</span> <span class='ocrx_word' id='word_1_41' title='bbox 313 738 401 809; x_wconf 87' lang='lat' dir='ltr'>atque</span> <span class='ocrx_word' id='word_1_42' title='bbox 417 725 495 812; x_wconf 88' lang='lat' dir='ltr'>[hac]</span> <span class='ocrx_word' id='word_1_43' title='bbox 512 748 620 792; x_wconf 86' lang='lat' dir='ltr'>nausea</span> <span class='ocrx_word' id='word_1_44' title='bbox 635 741 822 794; x_wconf 79' lang='lat' dir='ltr'>recusantem</span> <span class='ocrx_word' id='word_1_45' title='bbox 838 733 1001 812; x_wconf 83' lang='lat' dir='ltr'>saginabat.</span> <span class='ocrx_word' id='word_1_46' title='bbox 1030 750 1091 812; x_wconf 89' lang='lat' dir='ltr'>quo</span> <span class='ocrx_word' id='word_1_47' title='bbox 1107 733 1158 794; x_wconf 88' lang='lat' dir='ltr'>ad·</span> 
     </span>
     <span class='ocr_line' id='line_1_8' title="bbox 82 814 1159 914; baseline 0.002 -38"><span class='ocrx_word' id='word_1_48' title='bbox 82 815 216 876; x_wconf 90' lang='lat' dir='ltr'>monitus</span> <span class='ocrx_word' id='word_1_49' title='bbox 243 815 332 876; x_wconf 86' lang='lat' dir='ltr'>officii</span> <span class='ocrx_word' id='word_1_50' title='bbox 354 814 532 876; x_wconf 82' lang='lat' dir='ltr'>Trimalchio</span> <span class='ocrx_word' id='word_1_51' title='bbox 556 815 706 914; x_wconf 77' lang='lat' dir='ltr'>Scylacem</span> <span class='ocrx_word' id='word_1_52' title='bbox 729 818 813 879; x_wconf 88' lang='lat' dir='ltr'>iussit</span> <span class='ocrx_word' id='word_1_53' title='bbox 838 818 942 879; x_wconf 91' lang='lat' dir='ltr'>adduci</span> <span class='ocrx_word' id='word_1_54' title='bbox 970 817 1159 897; x_wconf 86' lang='lat' dir='ltr'>‘praesidium</span> 
     </span>
     <span class='ocr_line' id='line_1_9' title="bbox 83 900 1159 982; baseline 0.003 -21"><span class='ocrx_word' id='word_1_55' title='bbox 83 901 190 962; x_wconf 90' lang='lat' dir='ltr'>domus</span> <span class='ocrx_word' id='word_1_56' title='bbox 215 900 419 980; x_wconf 82' lang='lat' dir='ltr'>familiaeque’.</span> <span class='ocrx_word' id='word_1_57' title='bbox 459 919 515 961; x_wconf 94' lang='lat' dir='ltr'>nec</span> <span class='ocrx_word' id='word_1_58' title='bbox 536 919 634 977; x_wconf 90' lang='lat' dir='ltr'>mora,</span> <span class='ocrx_word' id='word_1_59' title='bbox 657 901 786 982; x_wconf 90' lang='lat' dir='ltr'>ingentis</span> <span class='ocrx_word' id='word_1_60' title='bbox 807 904 919 964; x_wconf 84' lang='lat' dir='ltr'>formae</span> <span class='ocrx_word' id='word_1_61' title='bbox 945 903 1089 964; x_wconf 90' lang='lat' dir='ltr'>adductus</span> <span class='ocrx_word' id='word_1_62' title='bbox 1115 911 1159 964; x_wconf 88' lang='lat' dir='ltr'>est</span> 
     </span>
     <span class='ocr_line' id='line_1_10' title="bbox 84 985 1158 1066; baseline 0.003 -20"><span class='ocrx_word' id='word_1_63' title='bbox 84 986 168 1047; x_wconf 91' lang='lat' dir='ltr'>canis</span> <span class='ocrx_word' id='word_1_64' title='bbox 189 994 293 1046; x_wconf 86' lang='lat' dir='ltr'>catena</span> <span class='ocrx_word' id='word_1_65' title='bbox 314 986 446 1060; x_wconf 82' lang='lat' dir='ltr'>rinctus,</span> <span class='ocrx_word' id='word_1_66' title='bbox 472 985 701 1066; x_wconf 88' lang='lat' dir='ltr'>admonitusque</span> <span class='ocrx_word' id='word_1_67' title='bbox 723 988 836 1049; x_wconf 86' lang='lat' dir='ltr'>ostiarii</span> <span class='ocrx_word' id='word_1_68' title='bbox 858 988 953 1062; x_wconf 90' lang='lat' dir='ltr'>calce,</span> <span class='ocrx_word' id='word_1_69' title='bbox 974 996 1008 1049; x_wconf 88' lang='lat' dir='ltr'>ut</span> <span class='ocrx_word' id='word_1_70' title='bbox 1027 988 1158 1064; x_wconf 90' lang='lat' dir='ltr'>cubaret,</span> 
     </span>
     <span class='ocr_line' id='line_1_11' title="bbox 84 1070 1159 1153; baseline 0.001 -22"><span class='ocrx_word' id='word_1_71' title='bbox 84 1079 154 1132; x_wconf 86' lang='lat' dir='ltr'>ante</span> <span class='ocrx_word' id='word_1_72' title='bbox 174 1089 306 1132; x_wconf 91' lang='lat' dir='ltr'>mensam</span> <span class='ocrx_word' id='word_1_73' title='bbox 328 1091 359 1132; x_wconf 91' lang='lat' dir='ltr'>se</span> <span class='ocrx_word' id='word_1_74' title='bbox 374 1071 482 1150; x_wconf 88' lang='lat' dir='ltr'>posuit.</span> <span class='ocrx_word' id='word_1_75' title='bbox 507 1080 573 1134; x_wconf 89' lang='lat' dir='ltr'>tum</span> <span class='ocrx_word' id='word_1_76' title='bbox 597 1070 775 1134; x_wconf 84' lang='lat' dir='ltr'>Trimalchio</span> <span class='ocrx_word' id='word_1_77' title='bbox 794 1073 907 1134; x_wconf 83' lang='lat' dir='ltr'>iactans</span> <span class='ocrx_word' id='word_1_78' title='bbox 928 1073 1085 1134; x_wconf 90' lang='lat' dir='ltr'>candidum</span> <span class='ocrx_word' id='word_1_79' title='bbox 1107 1090 1159 1153; x_wconf 92' lang='lat' dir='ltr'>pa·</span> 
     </span>
     <span class='ocr_line' id='line_1_12' title="bbox 31 1156 1160 1239; baseline 0.003 -22"><span class='ocrx_word' id='word_1_80' title='bbox 31 1167 60 1217; x_wconf 83' lang='lat'>10</span> <span class='ocrx_word' id='word_1_81' title='bbox 82 1173 151 1218; x_wconf 92' lang='lat' dir='ltr'>nem</span> <span class='ocrx_word' id='word_1_82' title='bbox 181 1157 289 1217; x_wconf 85' lang='lat' dir='ltr'>‘nemo’</span> <span class='ocrx_word' id='word_1_83' title='bbox 314 1157 410 1235; x_wconf 87' lang='lat' dir='ltr'>inquit</span> <span class='ocrx_word' id='word_1_84' title='bbox 438 1156 478 1217; x_wconf 86' lang='lat' dir='ltr'>‘in</span> <span class='ocrx_word' id='word_1_85' title='bbox 500 1157 587 1218; x_wconf 90' lang='lat' dir='ltr'>domo</span> <span class='ocrx_word' id='word_1_86' title='bbox 613 1174 678 1218; x_wconf 89' lang='lat' dir='ltr'>mea</span> <span class='ocrx_word' id='word_1_87' title='bbox 702 1175 750 1218; x_wconf 91' lang='lat' dir='ltr'>me</span> <span class='ocrx_word' id='word_1_88' title='bbox 776 1157 843 1239; x_wconf 91' lang='lat' dir='ltr'>plus</span> <span class='ocrx_word' id='word_1_89' title='bbox 864 1158 959 1218; x_wconf 71' lang='lat' dir='ltr'>amat.</span> <span class='ocrx_word' id='word_1_90' title='bbox 990 1157 1160 1236; x_wconf 86' lang='lat' dir='ltr'>indignatus</span> 
     </span>
     <span class='ocr_line' id='line_1_13' title="bbox 83 1241 1160 1322; baseline 0.002 -21"><span class='ocrx_word' id='word_1_91' title='bbox 83 1259 168 1322; x_wconf 90' lang='lat' dir='ltr'>puer,</span> <span class='ocrx_word' id='word_1_92' title='bbox 185 1241 266 1320; x_wconf 95' lang='lat' dir='ltr'>quod</span> <span class='ocrx_word' id='word_1_93' title='bbox 282 1242 431 1322; x_wconf 77' lang='lat' dir='ltr'>Scylacem</span> <span class='ocrx_word' id='word_1_94' title='bbox 441 1249 501 1302; x_wconf 87' lang='lat' dir='ltr'>tam</span> <span class='ocrx_word' id='word_1_95' title='bbox 517 1242 609 1303; x_wconf 83' lang='lat' dir='ltr'>effuse</span> <span class='ocrx_word' id='word_1_96' title='bbox 624 1242 772 1319; x_wconf 87' lang='lat' dir='ltr'>laudaret,</span> <span class='ocrx_word' id='word_1_97' title='bbox 788 1243 920 1304; x_wconf 87' lang='lat' dir='ltr'>catellam</span> <span class='ocrx_word' id='word_1_98' title='bbox 937 1243 968 1303; x_wconf 91' lang='lat' dir='ltr'>in</span> <span class='ocrx_word' id='word_1_99' title='bbox 984 1250 1092 1304; x_wconf 82' lang='lat' dir='ltr'>terram</span> <span class='ocrx_word' id='word_1_100' title='bbox 1108 1244 1160 1304; x_wconf 91' lang='lat' dir='ltr'>de·</span> 
     </span>
     <span class='ocr_line' id='line_1_14' title="bbox 82 1326 1159 1408; baseline 0.001 -20"><span class='ocrx_word' id='word_1_101' title='bbox 82 1326 185 1406; x_wconf 90' lang='lat' dir='ltr'>posuit</span> <span class='ocrx_word' id='word_1_102' title='bbox 199 1327 393 1406; x_wconf 89' lang='lat' dir='ltr'>hortatusque</span> <span class='ocrx_word' id='word_1_103' title='bbox 409 1337 463 1401; x_wconf 83' lang='lat' dir='ltr'>cst,</span> <span class='ocrx_word' id='word_1_104' title='bbox 486 1335 519 1387; x_wconf 89' lang='lat' dir='ltr'>ut</span> <span class='ocrx_word' id='word_1_105' title='bbox 534 1327 569 1387; x_wconf 86' lang='lat' dir='ltr'>ad</span> <span class='ocrx_word' id='word_1_106' title='bbox 585 1327 675 1388; x_wconf 85' lang='lat' dir='ltr'>rixam</span> <span class='ocrx_word' id='word_1_107' title='bbox 691 1337 876 1408; x_wconf 90' lang='lat' dir='ltr'>properaret.</span> <span class='ocrx_word' id='word_1_108' title='bbox 907 1328 1027 1408; x_wconf 78' lang='lat' dir='ltr'>Scylax,</span> <span class='ocrx_word' id='word_1_109' title='bbox 1051 1328 1159 1390; x_wconf 91' lang='lat' dir='ltr'>canino</span> 
     </span>
     <span class='ocr_line' id='line_1_15' title="bbox 83 1411 1160 1494; baseline 0.001 -21"><span class='ocrx_word' id='word_1_110' title='bbox 83 1411 198 1473; x_wconf 91' lang='lat' dir='ltr'>scilicet</span> <span class='ocrx_word' id='word_1_111' title='bbox 213 1429 285 1474; x_wconf 90' lang='lat' dir='ltr'>usus</span> <span class='ocrx_word' id='word_1_112' title='bbox 299 1411 433 1491; x_wconf 89' lang='lat' dir='ltr'>ingenio,</span> <span class='ocrx_word' id='word_1_113' title='bbox 454 1411 624 1473; x_wconf 89' lang='lat' dir='ltr'>taeterrimo</span> <span class='ocrx_word' id='word_1_114' title='bbox 640 1413 748 1474; x_wconf 87' lang='lat' dir='ltr'>latratu</span> <span class='ocrx_word' id='word_1_115' title='bbox 763 1413 924 1475; x_wconf 89' lang='lat' dir='ltr'>triclinium</span> <span class='ocrx_word' id='word_1_116' title='bbox 940 1413 1071 1494; x_wconf 89' lang='lat' dir='ltr'>implevit</span> <span class='ocrx_word' id='word_1_117' title='bbox 1082 1413 1160 1474; x_wconf 87' lang='lat' dir='ltr'>liar-</span> 
     </span>
     <span class='ocr_line' id='line_1_16' title="bbox 84 1496 1160 1576; baseline 0.004 -20"><span class='ocrx_word' id='word_1_118' title='bbox 84 1497 269 1576; x_wconf 87' lang='lat' dir='ltr'>garitamque</span> <span class='ocrx_word' id='word_1_119' title='bbox 293 1496 391 1558; x_wconf 86' lang='lat' dir='ltr'>Croesi</span> <span class='ocrx_word' id='word_1_120' title='bbox 414 1514 510 1576; x_wconf 86' lang='lat' dir='ltr'>paene</span> <span class='ocrx_word' id='word_1_121' title='bbox 532 1497 678 1558; x_wconf 82' lang='lat' dir='ltr'>laceravit.</span> <span class='ocrx_word' id='word_1_122' title='bbox 716 1517 772 1560; x_wconf 93' lang='lat' dir='ltr'>nec</span> <span class='ocrx_word' id='word_1_123' title='bbox 800 1499 878 1559; x_wconf 81' lang='lat' dir='ltr'>intra</span> <span class='ocrx_word' id='word_1_124' title='bbox 900 1499 994 1559; x_wconf 91' lang='lat' dir='ltr'>rixam</span> <span class='ocrx_word' id='word_1_125' title='bbox 1016 1499 1160 1560; x_wconf 90' lang='lat' dir='ltr'>tumultus</span> 
     </span>
     <span class='ocr_line' id='line_1_17' title="bbox 34 1580 1160 1662; baseline 0.001 -20"><span class='ocrx_word' id='word_1_126' title='bbox 34 1592 62 1642; x_wconf 80' lang='lat'>15</span> <span class='ocrx_word' id='word_1_127' title='bbox 83 1581 234 1653; x_wconf 83' lang='lat' dir='ltr'>constitit,</span> <span class='ocrx_word' id='word_1_128' title='bbox 258 1580 308 1642; x_wconf 90' lang='lat' dir='ltr'>sed</span> <span class='ocrx_word' id='word_1_129' title='bbox 331 1581 540 1642; x_wconf 90' lang='lat' dir='ltr'>candelabrum</span> <span class='ocrx_word' id='word_1_130' title='bbox 557 1581 644 1642; x_wconf 91' lang='lat' dir='ltr'>etiam</span> <span class='ocrx_word' id='word_1_131' title='bbox 661 1601 753 1662; x_wconf 87' lang='lat' dir='ltr'>super</span> <span class='ocrx_word' id='word_1_132' title='bbox 766 1601 900 1644; x_wconf 88' lang='lat' dir='ltr'>mensam</span> <span class='ocrx_word' id='word_1_133' title='bbox 917 1601 1051 1644; x_wconf 89' lang='lat' dir='ltr'>eversum</span> <span class='ocrx_word' id='word_1_134' title='bbox 1067 1592 1098 1644; x_wconf 86' lang='lat' dir='ltr'>et</span> <span class='ocrx_word' id='word_1_135' title='bbox 1110 1601 1160 1643; x_wconf 86' lang='lat' dir='ltr'>vn-</span> 
     </span>
     <span class='ocr_line' id='line_1_18' title="bbox 84 1665 1160 1747; baseline 0 -18"><span class='ocrx_word' id='word_1_136' title='bbox 84 1687 114 1730; x_wconf 92' lang='lat' dir='ltr'>sa</span> <span class='ocrx_word' id='word_1_137' title='bbox 130 1666 232 1728; x_wconf 91' lang='lat' dir='ltr'>omnia</span> <span class='ocrx_word' id='word_1_138' title='bbox 248 1666 417 1746; x_wconf 89' lang='lat' dir='ltr'>crystallina</span> <span class='ocrx_word' id='word_1_139' title='bbox 433 1665 607 1728; x_wconf 90' lang='lat' dir='ltr'>comminuit</span> <span class='ocrx_word' id='word_1_140' title='bbox 623 1675 653 1727; x_wconf 88' lang='lat' dir='ltr'>et</span> <span class='ocrx_word' id='word_1_141' title='bbox 674 1667 739 1728; x_wconf 93' lang='lat' dir='ltr'>oleo</span> <span class='ocrx_word' id='word_1_142' title='bbox 755 1668 879 1728; x_wconf 78' lang='lat' dir='ltr'>ferventi</span> <span class='ocrx_word' id='word_1_143' title='bbox 896 1668 1009 1747; x_wconf 88' lang='lat' dir='ltr'>aliquot</span> <span class='ocrx_word' id='word_1_144' title='bbox 1024 1668 1160 1729; x_wconf 87' lang='lat' dir='ltr'>convivas</span> 
     </span>
     <span class='ocr_line' id='line_1_19' title="bbox 83 1751 1160 1835; baseline 0 -21"><span class='ocrx_word' id='word_1_145' title='bbox 83 1751 237 1832; x_wconf 89' lang='lat' dir='ltr'>respersit.</span> <span class='ocrx_word' id='word_1_146' title='bbox 268 1751 446 1814; x_wconf 85' lang='lat' dir='ltr'>Trimalchio</span> <span class='ocrx_word' id='word_1_147' title='bbox 463 1769 501 1812; x_wconf 90' lang='lat' dir='ltr'>nc</span> <span class='ocrx_word' id='word_1_148' title='bbox 515 1751 665 1814; x_wconf 87' lang='lat' dir='ltr'>videretur</span> <span class='ocrx_word' id='word_1_149' title='bbox 686 1752 798 1814; x_wconf 82' lang='lat' dir='ltr'>iactura</span> <span class='ocrx_word' id='word_1_150' title='bbox 813 1761 926 1828; x_wconf 89' lang='lat' dir='ltr'>motus,</span> <span class='ocrx_word' id='word_1_151' title='bbox 949 1753 1072 1815; x_wconf 88' lang='lat' dir='ltr'>basiavit</span> <span class='ocrx_word' id='word_1_152' title='bbox 1085 1772 1160 1835; x_wconf 92' lang='lat' dir='ltr'>pue-</span> 
     </span>
     <span class='ocr_line' id='line_1_20' title="bbox 83 1836 1160 1916; baseline -0.001 -17"><span class='ocrx_word' id='word_1_153' title='bbox 83 1856 150 1900; x_wconf 91' lang='lat' dir='ltr'>rum</span> <span class='ocrx_word' id='word_1_154' title='bbox 165 1857 202 1898; x_wconf 91' lang='lat' dir='ltr'>ac</span> <span class='ocrx_word' id='word_1_155' title='bbox 217 1838 301 1899; x_wconf 89' lang='lat' dir='ltr'>iussit</span> <span class='ocrx_word' id='word_1_156' title='bbox 316 1854 408 1916; x_wconf 93' lang='lat' dir='ltr'>super</span> <span class='ocrx_word' id='word_1_157' title='bbox 429 1837 549 1898; x_wconf 87' lang='lat' dir='ltr'>dorsum</span> <span class='ocrx_word' id='word_1_158' title='bbox 571 1836 732 1898; x_wconf 89' lang='lat' dir='ltr'>ascendere</span> <span class='ocrx_word' id='word_1_159' title='bbox 753 1855 849 1899; x_wconf 90' lang='lat' dir='ltr'>suum.</span> <span class='ocrx_word' id='word_1_160' title='bbox 881 1856 942 1899; x_wconf 92' lang='lat' dir='ltr'>non</span> <span class='ocrx_word' id='word_1_161' title='bbox 965 1846 1097 1900; x_wconf 92' lang='lat' dir='ltr'>moratus</span> <span class='ocrx_word' id='word_1_162' title='bbox 1111 1837 1160 1899; x_wconf 90' lang='lat' dir='ltr'>ille</span> 
     </span>
     <span class='ocr_line' id='line_1_21' title="bbox 82 1922 1160 2002; baseline -0.001 -18"><span class='ocrx_word' id='word_1_163' title='bbox 82 1933 163 1986; x_wconf 86' lang='lat' dir='ltr'>nsus&#39;</span> <span class='ocrx_word' id='word_1_164' title='bbox 176 1933 216 1984; x_wconf 85' lang='lat' dir='ltr'>cst</span> <span class='ocrx_word' id='word_1_165' title='bbox 239 1941 315 2002; x_wconf 91' lang='lat' dir='ltr'>equo</span> <span class='ocrx_word' id='word_1_166' title='bbox 337 1939 487 2000; x_wconf 89' lang='lat' dir='ltr'>manuque</span> <span class='ocrx_word' id='word_1_167' title='bbox 507 1922 596 2002; x_wconf 91' lang='lat' dir='ltr'>plena</span> <span class='ocrx_word' id='word_1_168' title='bbox 617 1922 752 2002; x_wconf 90' lang='lat' dir='ltr'>scapulas</span> <span class='ocrx_word' id='word_1_169' title='bbox 767 1923 830 1985; x_wconf 93' lang='lat' dir='ltr'>eius</span> <span class='ocrx_word' id='word_1_170' title='bbox 845 1922 971 1984; x_wconf 88' lang='lat' dir='ltr'>subinde</span> <span class='ocrx_word' id='word_1_171' title='bbox 985 1922 1160 2000; x_wconf 86' lang='lat' dir='ltr'>verberarit,</span> 
     </span>
     <span class='ocr_line' id='line_1_22' title="bbox 34 2006 1160 2088; baseline 0 -20"><span class='ocrx_word' id='word_1_172' title='bbox 34 2018 61 2068; x_wconf 79' lang='lat' dir='ltr'>tu</span> <span class='ocrx_word' id='word_1_173' title='bbox 82 2010 222 2087; x_wconf 88' lang='lat' dir='ltr'>interque</span> <span class='ocrx_word' id='word_1_174' title='bbox 236 2007 336 2068; x_wconf 88' lang='lat' dir='ltr'>risum</span> <span class='ocrx_word' id='word_1_175' title='bbox 358 2007 564 2088; x_wconf 86' lang='lat' dir='ltr'>proclamavit:</span> <span class='ocrx_word' id='word_1_176' title='bbox 586 2007 705 2082; x_wconf 82' lang='lat' dir='ltr'>bucca,</span> <span class='ocrx_word' id='word_1_177' title='bbox 718 2007 828 2084; x_wconf 90' lang='lat' dir='ltr'>bucca,</span> <span class='ocrx_word' id='word_1_178' title='bbox 845 2017 918 2088; x_wconf 90' lang='lat' dir='ltr'>quot</span> <span class='ocrx_word' id='word_1_179' title='bbox 931 2017 1002 2070; x_wconf 89' lang='lat' dir='ltr'>sunt</span> <span class='ocrx_word' id='word_1_180' title='bbox 1016 2006 1096 2069; x_wconf 83' lang='lat' dir='ltr'>hicl’</span> <span class='ocrx_word' id='word_1_181' title='bbox 1111 2025 1160 2068; x_wconf 88' lang='lat' dir='ltr'>re·</span> 
     </span>
     <span class='ocr_line' id='line_1_23' title="bbox 82 2091 1161 2174; baseline 0 -20"><span class='ocrx_word' id='word_1_182' title='bbox 82 2111 205 2174; x_wconf 88' lang='lat' dir='ltr'>pressus</span> <span class='ocrx_word' id='word_1_183' title='bbox 231 2111 302 2172; x_wconf 91' lang='lat' dir='ltr'>ergo</span> <span class='ocrx_word' id='word_1_184' title='bbox 324 2092 503 2172; x_wconf 88' lang='lat' dir='ltr'>aliquamdiu</span> <span class='ocrx_word' id='word_1_185' title='bbox 524 2091 703 2154; x_wconf 88' lang='lat' dir='ltr'>Trimalchio</span> <span class='ocrx_word' id='word_1_186' title='bbox 730 2094 880 2156; x_wconf 86' lang='lat' dir='ltr'>camellam</span> <span class='ocrx_word' id='word_1_187' title='bbox 906 2094 1049 2172; x_wconf 83' lang='lat' dir='ltr'>grandem</span> <span class='ocrx_word' id='word_1_188' title='bbox 1075 2093 1161 2155; x_wconf 89' lang='lat' dir='ltr'>iussit</span> 
     </span>
     <span class='ocr_line' id='line_1_24' title="bbox 81 2195 201 2240; baseline -0.008 -1"><span class='ocrx_word' id='word_1_189' title='bbox 81 2195 201 2240; x_wconf 79' lang='lat' dir='ltr'>misceri</span> 
     </span>
     <span class='ocr_line' id='line_1_25' title="bbox 81 2260 1160 2344; baseline 0 -20"><span class='ocrx_word' id='word_1_190' title='bbox 81 2264 221 2344; x_wconf 89' lang='lat' dir='ltr'>potiones</span> <span class='ocrx_word' id='word_1_191' title='bbox 243 2261 331 2323; x_wconf 84' lang='lat' dir='ltr'>dividi</span> <span class='ocrx_word' id='word_1_192' title='bbox 351 2261 490 2322; x_wconf 92' lang='lat' dir='ltr'>omnihus</span> <span class='ocrx_word' id='word_1_193' title='bbox 512 2261 618 2336; x_wconf 87' lang='lat' dir='ltr'>servis,</span> <span class='ocrx_word' id='word_1_194' title='bbox 641 2281 692 2341; x_wconf 88' lang='lat' dir='ltr'>qur</span> <span class='ocrx_word' id='word_1_195' title='bbox 684 2262 743 2323; x_wconf 89' lang='lat' dir='ltr'>ad</span> <span class='ocrx_word' id='word_1_196' title='bbox 762 2260 853 2342; x_wconf 91' lang='lat' dir='ltr'>pedes</span> <span class='ocrx_word' id='word_1_197' title='bbox 868 2261 1025 2337; x_wconf 86' lang='lat' dir='ltr'>sedebant,</span> <span class='ocrx_word' id='word_1_198' title='bbox 1047 2262 1160 2324; x_wconf 84' lang='lat' dir='ltr'>adiecta</span> 
     </span>
     <span class='ocr_line' id='line_1_26' title="bbox 82 2309 1159 2428; baseline -0.003 -18"><span class='ocrx_word' id='word_1_199' title='bbox 82 2348 275 2428; x_wconf 86' lang='lat' dir='ltr'>exceptione·</span> <span class='ocrx_word' id='word_1_200' title='bbox 292 2346 404 2426; x_wconf 88' lang='lat' dir='ltr'>‘siquis</span> <span class='ocrx_word' id='word_1_201' title='bbox 406 2346 522 2424; x_wconf 89' lang='lat' dir='ltr'>’inquit</span> <span class='ocrx_word' id='word_1_202' title='bbox 537 2309 676 2408; x_wconf 75' lang='lat' dir='ltr'>‘noluerit</span> <span class='ocrx_word' id='word_1_203' title='bbox 691 2348 836 2426; x_wconf 89' lang='lat' dir='ltr'>accipere,</span> <span class='ocrx_word' id='word_1_204' title='bbox 849 2347 988 2426; x_wconf 86' lang='lat' dir='ltr'>caputilli</span> <span class='ocrx_word' id='word_1_205' title='bbox 1002 2347 1159 2426; x_wconf 81' lang='lat' dir='ltr'>perfunde.</span> 
     </span>
     <span class='ocr_line' id='line_1_27' title="bbox 33 2429 573 2504; baseline -0.002 -11"><span class='ocrx_word' id='word_1_206' title='bbox 33 2443 59 2493; x_wconf 73' lang='grc' dir='ltr'>ιι</span> <span class='ocrx_word' id='word_1_207' title='bbox 80 2433 212 2496; x_wconf 89' lang='lat' dir='ltr'>interdiu</span> <span class='ocrx_word' id='word_1_208' title='bbox 227 2450 337 2504; x_wconf 83' lang='lat' dir='ltr'>severa,</span> <span class='ocrx_word' id='word_1_209' title='bbox 353 2450 437 2493; x_wconf 91' lang='lat' dir='ltr'>nunc</span> <span class='ocrx_word' id='word_1_210' title='bbox 450 2429 573 2492; x_wconf 88' lang='lat' dir='ltr'>hilaria’.</span> 
     </span>
     <span class='ocr_line' id='line_1_28' title="bbox 168 2516 1218 2595; baseline 0.002 -17"><span class='ocrx_word' id='word_1_211' title='bbox 168 2517 247 2580; x_wconf 93' lang='lat' dir='ltr'>hanc</span> <span class='ocrx_word' id='word_1_212' title='bbox 268 2517 480 2578; x_wconf 87' lang='lat' dir='ltr'>humanitatem</span> <span class='ocrx_word' id='word_1_213' title='bbox 502 2517 654 2578; x_wconf 87' lang='lat' dir='ltr'>insecutae</span> <span class='ocrx_word' id='word_1_214' title='bbox 675 2525 746 2578; x_wconf 91' lang='lat' dir='ltr'>sunt</span> <span class='ocrx_word' id='word_1_215' title='bbox 766 2525 906 2592; x_wconf 89' lang='lat' dir='ltr'>matteac,</span> <span class='ocrx_word' id='word_1_216' title='bbox 929 2534 1055 2595; x_wconf 88' lang='lat' dir='ltr'>quarum</span> <span class='ocrx_word' id='word_1_217' title='bbox 1072 2516 1160 2577; x_wconf 89' lang='lat' dir='ltr'>etiam</span> <span class='ocrx_word' id='word_1_218' title='bbox 1178 2517 1218 2580; x_wconf 89' lang='lat'>65</span> 
     </span>
     <span class='ocr_line' id='line_1_29' title="bbox 82 2601 1160 2682; baseline -0.004 -16"><span class='ocrx_word' id='word_1_219' title='bbox 82 2604 249 2666; x_wconf 88' lang='lat' dir='ltr'>recordatio</span> <span class='ocrx_word' id='word_1_220' title='bbox 270 2621 334 2679; x_wconf 90' lang='lat' dir='ltr'>mc,</span> <span class='ocrx_word' id='word_1_221' title='bbox 356 2603 380 2665; x_wconf 93' lang='lat' dir='ltr'>si</span> <span class='ocrx_word' id='word_1_222' title='bbox 396 2612 513 2682; x_wconf 90' lang='lat' dir='ltr'>quaest</span> <span class='ocrx_word' id='word_1_223' title='bbox 529 2602 636 2664; x_wconf 91' lang='lat' dir='ltr'>dicenti</span> <span class='ocrx_word' id='word_1_224' title='bbox 652 2602 740 2677; x_wconf 87' lang='lat' dir='ltr'>fidas,</span> <span class='ocrx_word' id='word_1_225' title='bbox 762 2603 893 2665; x_wconf 80' lang='lat' dir='ltr'>offendit.</span> <span class='ocrx_word' id='word_1_226' title='bbox 931 2601 1064 2680; x_wconf 86' lang='lat' dir='ltr'>singulae</span> <span class='ocrx_word' id='word_1_227' title='bbox 1080 2601 1160 2662; x_wconf 89' lang='lat' dir='ltr'>enim</span> 
     </span>
     <span class='ocr_line' id='line_1_30' title="bbox 82 2686 1161 2770; baseline -0.003 -19"><span class='ocrx_word' id='word_1_228' title='bbox 82 2690 210 2770; x_wconf 90' lang='lat' dir='ltr'>gallinae</span> <span class='ocrx_word' id='word_1_229' title='bbox 231 2689 325 2750; x_wconf 88' lang='lat' dir='ltr'>altiles</span> <span class='ocrx_word' id='word_1_230' title='bbox 346 2705 402 2768; x_wconf 92' lang='lat' dir='ltr'>pro</span> <span class='ocrx_word' id='word_1_231' title='bbox 425 2687 520 2750; x_wconf 89' lang='lat' dir='ltr'>turdis</span> <span class='ocrx_word' id='word_1_232' title='bbox 542 2688 731 2749; x_wconf 90' lang='lat' dir='ltr'>circumlatae</span> <span class='ocrx_word' id='word_1_233' title='bbox 746 2695 817 2750; x_wconf 91' lang='lat' dir='ltr'>sunt</span> <span class='ocrx_word' id='word_1_234' title='bbox 837 2696 867 2748; x_wconf 91' lang='lat' dir='ltr'>et</span> <span class='ocrx_word' id='word_1_235' title='bbox 882 2705 934 2748; x_wconf 83' lang='lat' dir='ltr'>ova</span> <span class='ocrx_word' id='word_1_236' title='bbox 950 2686 1088 2748; x_wconf 89' lang='lat' dir='ltr'>anserina</span> <span class='ocrx_word' id='word_1_237' title='bbox 1103 2686 1161 2766; x_wconf 92' lang='lat' dir='ltr'>pil·</span> 
     </span>
     <span class='ocr_line' id='line_1_31' title="bbox 82 2769 1159 2854; baseline -0.005 -17"><span class='ocrx_word' id='word_1_238' title='bbox 82 2776 174 2850; x_wconf 89' lang='lat' dir='ltr'>leata,</span> <span class='ocrx_word' id='word_1_239' title='bbox 198 2790 272 2854; x_wconf 89' lang='lat' dir='ltr'>quae</span> <span class='ocrx_word' id='word_1_240' title='bbox 295 2782 328 2836; x_wconf 90' lang='lat' dir='ltr'>ut</span> <span class='ocrx_word' id='word_1_241' title='bbox 351 2769 566 2848; x_wconf 86' lang='lat' dir='ltr'>comessemus,</span> <span class='ocrx_word' id='word_1_242' title='bbox 589 2773 824 2835; x_wconf 87' lang='lat' dir='ltr'>ambitiosissime</span> <span class='ocrx_word' id='word_1_243' title='bbox 846 2771 967 2834; x_wconf 87' lang='lat' dir='ltr'>anobis</span> <span class='ocrx_word' id='word_1_244' title='bbox 982 2771 1159 2833; x_wconf 91' lang='lat' dir='ltr'>Trimalchio</span> 
     </span>
     <span class='ocr_line' id='line_1_32' title="bbox 33 2857 1161 2943; baseline -0.002 -23"><span class='ocrx_word' id='word_1_245' title='bbox 33 2869 61 2920; x_wconf 75' lang='lat' dir='ltr'>ad</span> <span class='ocrx_word' id='word_1_246' title='bbox 81 2860 169 2943; x_wconf 88' lang='lat' dir='ltr'>petiit</span> <span class='ocrx_word' id='word_1_247' title='bbox 189 2860 291 2921; x_wconf 92' lang='lat' dir='ltr'>dicens</span> <span class='ocrx_word' id='word_1_248' title='bbox 312 2867 459 2921; x_wconf 85' lang='lat' dir='ltr'>exossatas</span> <span class='ocrx_word' id='word_1_249' title='bbox 480 2876 544 2920; x_wconf 87' lang='lat' dir='ltr'>esse</span> <span class='ocrx_word' id='word_1_250' title='bbox 568 2859 699 2938; x_wconf 88' lang='lat' dir='ltr'>gallinas.</span> <span class='ocrx_word' id='word_1_251' title='bbox 730 2858 809 2920; x_wconf 91' lang='lat' dir='ltr'>inter</span> <span class='ocrx_word' id='word_1_252' title='bbox 829 2858 902 2919; x_wconf 90' lang='lat' dir='ltr'>haec</span> <span class='ocrx_word' id='word_1_253' title='bbox 923 2857 1044 2919; x_wconf 90' lang='lat' dir='ltr'>triclinii</span> <span class='ocrx_word' id='word_1_254' title='bbox 1066 2857 1161 2918; x_wconf 85' lang='lat' dir='ltr'>valvas</span> 
     </span>
     <span class='ocr_line' id='line_1_33' title="bbox 82 2942 1184 3024; baseline -0.004 -18"><span class='ocrx_word' id='word_1_255' title='bbox 82 2946 174 3006; x_wconf 92' lang='lat' dir='ltr'>lictor</span> <span class='ocrx_word' id='word_1_256' title='bbox 187 2945 346 3024; x_wconf 84' lang='lat' dir='ltr'>percussit,</span> <span class='ocrx_word' id='word_1_257' title='bbox 371 2943 555 3023; x_wconf 89' lang='lat' dir='ltr'>amictusque</span> <span class='ocrx_word' id='word_1_258' title='bbox 576 2953 656 3006; x_wconf 90' lang='lat' dir='ltr'>veste</span> <span class='ocrx_word' id='word_1_259' title='bbox 678 2942 744 3004; x_wconf 86' lang='lat' dir='ltr'>alba</span> <span class='ocrx_word' id='word_1_260' title='bbox 766 2961 833 3004; x_wconf 88' lang='lat' dir='ltr'>cum</span> <span class='ocrx_word' id='word_1_261' title='bbox 856 2942 970 3023; x_wconf 91' lang='lat' dir='ltr'>ingenti</span> <span class='ocrx_word' id='word_1_262' title='bbox 992 2942 1161 3022; x_wconf 79' lang='lat' dir='ltr'>frequentia</span> <span class='ocrx_word' id='word_1_263' title='bbox 1181 3014 1184 3020; x_wconf 25' lang='grc'>1</span> 
     </span>
     <span class='ocr_line' id='line_1_34' title="bbox 83 3028 1191 3109; baseline -0.005 -17"><span class='ocrx_word' id='word_1_264' title='bbox 83 3029 261 3092; x_wconf 90' lang='lat' dir='ltr'>comissator</span> <span class='ocrx_word' id='word_1_265' title='bbox 274 3030 404 3092; x_wconf 89' lang='lat' dir='ltr'>intravit</span> <span class='ocrx_word' id='word_1_266' title='bbox 434 3047 489 3109; x_wconf 92' lang='lat' dir='ltr'>ego</span> <span class='ocrx_word' id='word_1_267' title='bbox 510 3028 662 3090; x_wconf 88' lang='lat' dir='ltr'>maiestate</span> <span class='ocrx_word' id='word_1_268' title='bbox 685 3029 866 3089; x_wconf 88' lang='lat' dir='ltr'>conterritus</span> <span class='ocrx_word' id='word_1_269' title='bbox 886 3036 1053 3107; x_wconf 82' lang='lat' dir='ltr'>praetorem</span> <span class='ocrx_word' id='word_1_270' title='bbox 1074 3035 1162 3107; x_wconf 87' lang='lat' dir='ltr'>puta-</span> <span class='ocrx_word' id='word_1_271' title='bbox 1187 3058 1191 3070; x_wconf 76' lang='lat'>=</span> 
     </span>
     <span class='ocr_line' id='line_1_35' title="bbox 84 3111 1161 3194; baseline -0.006 -17"><span class='ocrx_word' id='word_1_272' title='bbox 84 3116 152 3177; x_wconf 92' lang='lat' dir='ltr'>bam</span> <span class='ocrx_word' id='word_1_273' title='bbox 163 3115 288 3178; x_wconf 84' lang='lat' dir='ltr'>venisse.</span> <span class='ocrx_word' id='word_1_274' title='bbox 315 3115 415 3194; x_wconf 88' lang='lat' dir='ltr'>itaque</span> <span class='ocrx_word' id='word_1_275' title='bbox 427 3113 567 3194; x_wconf 85' lang='lat' dir='ltr'>temptari</span> <span class='ocrx_word' id='word_1_276' title='bbox 579 3131 735 3194; x_wconf 88' lang='lat' dir='ltr'>assurgere</span> <span class='ocrx_word' id='word_1_277' title='bbox 751 3122 780 3174; x_wconf 87' lang='lat' dir='ltr'>et</span> <span class='ocrx_word' id='word_1_278' title='bbox 792 3113 890 3174; x_wconf 91' lang='lat' dir='ltr'>nudos</span> <span class='ocrx_word' id='word_1_279' title='bbox 899 3111 1011 3192; x_wconf 89' lang='lat' dir='ltr'>pedes</span> <span class='ocrx_word' id='word_1_280' title='bbox 1003 3131 1035 3171; x_wconf 93' lang='grc' dir='ltr'>ιιι</span> <span class='ocrx_word' id='word_1_281' title='bbox 1051 3120 1161 3173; x_wconf 89' lang='lat' dir='ltr'>terram</span> 
     </span>
     <span class='ocr_line' id='line_1_36' title="bbox 83 3195 1161 3279; baseline -0.006 -16"><span class='ocrx_word' id='word_1_282' title='bbox 83 3202 210 3264; x_wconf 85' lang='lat' dir='ltr'>deferre.</span> <span class='ocrx_word' id='word_1_283' title='bbox 246 3199 311 3260; x_wconf 85' lang='lat' dir='ltr'>risit</span> <span class='ocrx_word' id='word_1_284' title='bbox 335 3201 412 3262; x_wconf 89' lang='lat' dir='ltr'>hanc</span> <span class='ocrx_word' id='word_1_285' title='bbox 438 3199 665 3279; x_wconf 88' lang='lat' dir='ltr'>trepidationem</span> <span class='ocrx_word' id='word_1_286' title='bbox 688 3198 890 3278; x_wconf 82' lang='lat' dir='ltr'>Agamemnon</span> <span class='ocrx_word' id='word_1_287' title='bbox 914 3206 944 3257; x_wconf 88' lang='lat' dir='ltr'>ct</span> <span class='ocrx_word' id='word_1_288' title='bbox 965 3195 1097 3258; x_wconf 82' lang='lat' dir='ltr'>‘contine</span> <span class='ocrx_word' id='word_1_289' title='bbox 1122 3195 1161 3257; x_wconf 91' lang='lat' dir='ltr'>te&#39;</span> 
     </span>
     <span class='ocr_line' id='line_1_37' title="bbox 35 3280 1161 3365; baseline -0.003 -21"><span class='ocrx_word' id='word_1_290' title='bbox 35 3295 63 3344; x_wconf 79' lang='lat'>35</span> <span class='ocrx_word' id='word_1_291' title='bbox 82 3286 184 3365; x_wconf 88' lang='lat' dir='ltr'>inquit</span> <span class='ocrx_word' id='word_1_292' title='bbox 206 3284 304 3344; x_wconf 81' lang='lat' dir='ltr'>‘homo</span> <span class='ocrx_word' id='word_1_293' title='bbox 326 3285 505 3346; x_wconf 89' lang='lat' dir='ltr'>stultissime.</span> <span class='ocrx_word' id='word_1_294' title='bbox 540 3283 693 3346; x_wconf 83' lang='lat' dir='ltr'>Habinnas</span> <span class='ocrx_word' id='word_1_295' title='bbox 718 3283 795 3345; x_wconf 84' lang='lat' dir='ltr'>sevir</span> <span class='ocrx_word' id='word_1_296' title='bbox 816 3290 862 3344; x_wconf 90' lang='lat' dir='ltr'>est</span> <span class='ocrx_word' id='word_1_297' title='bbox 886 3281 1024 3360; x_wconf 92' lang='lat' dir='ltr'>idemque</span> <span class='ocrx_word' id='word_1_298' title='bbox 1049 3280 1161 3363; x_wconf 86' lang='lat' dir='ltr'>lapida-</span> 
     </span>
     <span class='ocr_line' id='line_1_38' title="bbox 83 3367 863 3450; baseline -0.006 -18"><span class='ocrx_word' id='word_1_299' title='bbox 83 3372 159 3445; x_wconf 89' lang='lat' dir='ltr'>rius,</span> <span class='ocrx_word' id='word_1_300' title='bbox 176 3367 227 3446; x_wconf 89' lang='lat' dir='ltr'>qui</span> <span class='ocrx_word' id='word_1_301' title='bbox 242 3367 356 3429; x_wconf 89' lang='lat' dir='ltr'>videtur</span> <span class='ocrx_word' id='word_1_302' title='bbox 370 3378 563 3431; x_wconf 90' lang='lat' dir='ltr'>monumenta</span> <span class='ocrx_word' id='word_1_303' title='bbox 575 3369 684 3450; x_wconf 88' lang='lat' dir='ltr'>optime</span> <span class='ocrx_word' id='word_1_304' title='bbox 696 3367 814 3429; x_wconf 75' lang='lat' dir='ltr'>iacere.¹</span> <span class='ocrx_word' id='word_1_305' title='bbox 862 3407 863 3410; x_wconf 20' lang='grc' dir='ltr'><strong>κ</strong></span> 
     </span>
     <span class='ocr_line' id='line_1_39' title="bbox 172 3450 1161 3552; baseline -0.005 -37"><span class='ocrx_word' id='word_1_306' title='bbox 172 3459 325 3515; x_wconf 87' lang='lat' dir='ltr'>recreatus</span> <span class='ocrx_word' id='word_1_307' title='bbox 338 3453 397 3513; x_wconf 89' lang='lat' dir='ltr'>hoc</span> <span class='ocrx_word' id='word_1_308' title='bbox 411 3471 548 3516; x_wconf 90' lang='lat' dir='ltr'>sermone</span> <span class='ocrx_word' id='word_1_309' title='bbox 563 3473 683 3552; x_wconf 82' lang='lat' dir='ltr'>reposui</span> <span class='ocrx_word' id='word_1_310' title='bbox 675 3453 847 3528; x_wconf 90' lang='lat' dir='ltr'>cubitum,</span> <span class='ocrx_word' id='word_1_311' title='bbox 870 3450 1121 3547; x_wconf 85' lang='lat' dir='ltr'>Habinnamque</span> <span class='ocrx_word' id='word_1_312' title='bbox 1113 3469 1161 3511; x_wconf 87' lang='lat' dir='ltr'>rn-</span> 
     </span>
     <span class='ocr_line' id='line_1_40' title="bbox 83 3499 1162 3618; baseline -0.007 -14"><span class='ocrx_word' id='word_1_313' title='bbox 83 3547 214 3604; x_wconf 86' lang='lat' dir='ltr'>trnntem</span> <span class='ocrx_word' id='word_1_314' title='bbox 238 3537 518 3600; x_wconf 88' lang='lat' dir='ltr'>cumadmiratione</span> <span class='ocrx_word' id='word_1_315' title='bbox 543 3539 658 3618; x_wconf 87' lang='lat' dir='ltr'>ingenti</span> <span class='ocrx_word' id='word_1_316' title='bbox 683 3499 863 3618; x_wconf 75' lang='lat' dir='ltr'>spectabam.</span> <span class='ocrx_word' id='word_1_317' title='bbox 904 3536 953 3598; x_wconf 92' lang='lat' dir='ltr'>ille</span> <span class='ocrx_word' id='word_1_318' title='bbox 978 3545 1077 3596; x_wconf 88' lang='lat' dir='ltr'>autem</span> <span class='ocrx_word' id='word_1_319' title='bbox 1102 3535 1162 3596; x_wconf 87' lang='lat' dir='ltr'>iam</span> 
     </span>
     <span class='ocr_line' id='line_1_41' title="bbox 85 3615 1162 3704; baseline -0.008 -16"><span class='ocrx_word' id='word_1_320' title='bbox 85 3626 191 3688; x_wconf 88' lang='lat' dir='ltr'>ebrius</span> <span class='ocrx_word' id='word_1_321' title='bbox 203 3623 305 3686; x_wconf 92' lang='lat' dir='ltr'>uxoris</span> <span class='ocrx_word' id='word_1_322' title='bbox 325 3641 397 3685; x_wconf 89' lang='lat' dir='ltr'>suae</span> <span class='ocrx_word' id='word_1_323' title='bbox 418 3623 528 3684; x_wconf 90' lang='lat' dir='ltr'>umeris</span> <span class='ocrx_word' id='word_1_324' title='bbox 548 3624 729 3704; x_wconf 89' lang='lat' dir='ltr'>imposuerat</span> <span class='ocrx_word' id='word_1_325' title='bbox 749 3641 871 3698; x_wconf 88' lang='lat' dir='ltr'>manus,</span> <span class='ocrx_word' id='word_1_326' title='bbox 894 3628 999 3683; x_wconf 88' lang='lat' dir='ltr'>onerat</span> <span class='ocrx_word' id='word_1_327' title='bbox 1001 3637 1094 3699; x_wconf 90' lang='lat' dir='ltr'>usque</span> <span class='ocrx_word' id='word_1_328' title='bbox 1109 3615 1162 3680; x_wconf 89' lang='lat' dir='ltr'>ali·</span> 
     </span>
    </p>
   </div>
   <div class='ocr_carea' id='block_1_2' title="bbox 87 3836 1163 4033">
    <p class='ocr_par' dir='ltr' id='par_1_2' title="bbox 87 3836 1161 4033">
     <span class='ocr_line' id='line_1_42' title="bbox 172 3836 1161 3908; baseline -0.003 -12"><span class='ocrx_word' id='word_1_329' title='bbox 172 3847 189 3896; x_wconf 79' lang='lat'>4</span> <span class='ocrx_word' id='word_1_330' title='bbox 205 3857 334 3896; x_wconf 82' lang='lat' dir='ltr'>semesum</span> <span class='ocrx_word' id='word_1_331' title='bbox 346 3837 541 3908; x_wconf 75' lang='lat' dir='ltr'>Burmannusll</span> <span class='ocrx_word' id='word_1_332' title='bbox 558 3842 573 3892; x_wconf 88' lang='lat'>5</span> <span class='ocrx_word' id='word_1_333' title='bbox 591 3839 641 3891; x_wconf 91' lang='lat' dir='ltr'>hoc</span> <span class='ocrx_word' id='word_1_334' title='bbox 657 3844 707 3891; x_wconf 83' lang='lat' dir='ltr'>aut</span> <span class='ocrx_word' id='word_1_335' title='bbox 723 3839 789 3906; x_wconf 78' lang='lat' dir='ltr'>herm</span> <span class='ocrx_word' id='word_1_336' title='bbox 802 3839 982 3892; x_wconf 65' lang='lat' dir='ltr'>Echionides</span> <span class='ocrx_word' id='word_1_337' title='bbox 992 3839 1002 3908; x_wconf 84' lang='grc' dir='ltr'>ΙΙ</span> <span class='ocrx_word' id='word_1_338' title='bbox 1019 3843 1035 3895; x_wconf 83' lang='grc'><strong>6</strong></span> <span class='ocrx_word' id='word_1_339' title='bbox 1048 3837 1135 3893; x_wconf 79' lang='lat' dir='ltr'>officio</span> <span class='ocrx_word' id='word_1_340' title='bbox 1150 3836 1161 3908; x_wconf 77' lang='lat' dir='ltr'>l]</span> 
     </span>
     <span class='ocr_line' id='line_1_43' title="bbox 87 3906 1163 4033; baseline -0.002 -71"><span class='ocrx_word' id='word_1_341' title='bbox 87 3912 240 4033; x_wconf 53' lang='grc' dir='ltr'>Ξὲωιῖιίιιειί</span> <span class='ocrx_word' id='word_1_342' title='bbox 264 3917 291 3964; x_wconf 89' lang='lat' dir='ltr'>et</span> <span class='ocrx_word' id='word_1_343' title='bbox 313 3911 435 3978; x_wconf 87' lang='lat' dir='ltr'>potiones</span> <span class='ocrx_word' id='word_1_344' title='bbox 451 3909 596 3965; x_wconf 72' lang='lat' dir='ltr'>Antonios.</span> <span class='ocrx_word' id='word_1_345' title='bbox 629 3923 725 3960; x_wconf 79' lang='lat' dir='ltr'>uereor</span> <span class='ocrx_word' id='word_1_346' title='bbox 747 3921 780 3959; x_wconf 82' lang='lat' dir='ltr'>ne</span> <span class='ocrx_word' id='word_1_347' title='bbox 795 3908 878 3975; x_wconf 80' lang='lat' dir='ltr'>plura</span> <span class='ocrx_word' id='word_1_348' title='bbox 896 3908 982 3960; x_wconf 71' lang='lat' dir='ltr'>desim</span> <span class='ocrx_word' id='word_1_349' title='bbox 1004 3906 1014 3979; x_wconf 75' lang='grc' dir='ltr'>ΙΙ</span> <span class='ocrx_word' id='word_1_350' title='bbox 1036 3910 1069 3962; x_wconf 82' lang='grc'>36</span> <span class='ocrx_word' id='word_1_351' title='bbox 1091 3907 1163 3961; x_wconf 85' lang='lat' dir='ltr'>ride·</span> 
     </span>
    </p>
   </div>
   <div class='ocr_carea' id='block_1_3' title="bbox 0 0 1401 4476">
    <p class='ocr_par' dir='ltr' id='par_1_3' title="bbox 0 0 1401 4476">
     <span class='ocr_line' id='line_1_44' title="bbox 0 0 1401 4476; baseline 0 0"><span class='ocrx_word' id='word_1_352' title='bbox 0 0 1401 4476; x_wconf 95' lang='lat' dir='ltr'> </span> 
     </span>
    </p>
   </div>
  </div>
 </body>
</html>
