2780 4480
657 136 810 190 PETRONll
826 157 827 160 ¹

666 309 793 372 XXXII*

302 417 463 496 naufragus
477 415 569 476 eiecta
584 413 682 476 nudus
696 420 759 475 rate
774 415 890 494 quaerit
904 414 1009 476 eodem

348 517 523 582 percussum
538 499 607 574 telo,
623 499 674 577 qui
690 517 741 560 sna
756 500 815 559 fata
829 499 915 579 legat.

302 587 447 668 grandine
461 585 513 664 qui
527 591 643 664 segetes
657 592 687 644 et
700 591 796 644 toturn
810 583 939 663 perdidit
953 603 1075 657 annum,

348 673 380 733 in
395 671 483 734 simili
498 670 585 730 dellet
601 668 694 730 tristia
708 670 765 730 fata
781 668 859 730 sinu.

246 769 261 819 5
303 757 408 820 lunera
424 755 584 817 conciliant
598 754 732 827 miseros,
749 753 873 833 orbique
888 762 1028 834 parentes

350 841 539 920 coniungunt
553 839 689 919 gemitus,
705 848 735 900 et
749 839 819 900 facit
832 839 905 900 hora
921 857 1017 918 pares.

305 946 362 989 nos
377 945 498 1006 quoque
514 924 645 987 confusis
659 923 800 985 feriemus
815 923 910 985 sidera
925 924 1031 998 verbiS,

351 1013 472 1072 etfama
487 1020 532 1072 est
545 1009 639 1072 socias
654 1008 759 1070 fortius
774 1008 818 1070 ire
832 1027 936 1088 preces

284 1112 299 1163 2
318 1110 360 1162 cui
373 1107 411 1177 ld
428 1124 492 1161 urna
510 1108 632 1160 lleisleius
644 1107 682 1174 118
701 1110 741 1158 est
759 1111 887 1171 constans,
905 1108 1092 1167 undeiuuctas
1110 1108 1228 1160 Binetm

668 1242 809 1306 XXXlll*

307 1364 396 1410 aurea
410 1347 485 1408 mala
500 1346 581 1422 mihi,
596 1345 690 1408 dulcis
704 1364 769 1408 mea
784 1347 901 1420 Marcia,
918 1347 1017 1420 mittis,

349 1432 441 1496 mittis
455 1441 485 1494 et
498 1432 629 1493 hirsutae
643 1450 767 1492 munera
783 1440 945 1494 castaneae.

308 1517 408 1580 omnia
423 1525 504 1597 grata
521 1524 631 1596 putem,
647 1517 699 1578 sed
714 1517 739 1578 si
752 1517 845 1596 magis
859 1517 923 1597 ipsa
937 1516 1063 1590 venires,

353 1620 478 1664 ornares
493 1602 614 1677 donum,
629 1602 753 1682 pulchra
768 1601 875 1682 puella,
891 1611 984 1664 tuum.

248 1699 262 1750 5
305 1696 338 1750 tu
352 1687 422 1750 licet
436 1695 577 1768 apportes
592 1687 769 1765 stringentia
783 1687 859 1748 mala
875 1688 1013 1766 palatum,

354 1773 449 1835 tristia
464 1771 616 1833 mandenti
632 1779 677 1832 est
691 1770 814 1834 melleus
830 1790 881 1834 ore
897 1790 995 1851 sapor.

308 1865 337 1919 at
351 1857 376 1918 si
390 1855 555 1919 dissimulas
570 1855 695 1916 multum
710 1856 782 1916 mihi
797 1874 865 1917 cara
879 1857 991 1931 venire,

355 1941 455 2004 oscula
471 1957 538 2001 eum
553 1940 650 2019 pomis
665 1939 764 2002 mitte:
780 1941 889 2002 vorabo
904 1941 1012 2004 lubens

287 2043 302 2093 8
322 2055 352 2092 os
370 2040 440 2108 quali
459 2038 612 2106 compremis
630 2039 720 2090 Bianti
737 2040 830 2105 codex,
847 2055 928 2108 osque
946 2041 1011 2094 ledis
1030 2055 1115 2092 morsu
1134 2045 1222 2092 cetera·

664 2192 822 2255 XXXllll*

308 2296 334 2360 si
349 2295 461 2358 Phoebi
477 2314 563 2358 soror
577 2314 618 2371 es,
633 2296 741 2358 mando
757 2296 820 2372 tihi,
836 2297 927 2372 Delia,
943 2315 1072 2371 causam,

356 2379 468 2443 scilicet
481 2389 515 2443 ut
529 2382 621 2458 lratri,
638 2400 712 2460 quae
727 2389 806 2462 peto,
820 2382 910 2444 verba
925 2383 1016 2444 feras:

311 2471 468 2528 ‘marmore
484 2466 601 2550 Sicanio
617 2468 711 2528 struxi
726 2467 788 2540 tibi,
804 2466 954 2547 llelphice,
969 2467 1113 2547 templum

358 2559 387 2611 et
401 2550 514 2612 levibus
528 2551 646 2612 calamis
661 2551 783 2612 candida
798 2551 887 2614 verba
902 2551 977 2614 dedi.

252 2647 267 2694 o
311 2635 432 2696 nuncsi
448 2654 504 2696 nos
519 2635 602 2696 audis
614 2643 701 2714 atque
717 2655 749 2697 es
764 2637 888 2709 divinus,
905 2637 1019 2716 Apollo,

358 2718 405 2780 dic
420 2719 500 2795 mihi,
517 2719 568 2798 oui
583 2737 721 2793 nummos
736 2740 796 2782 non
812 2721 910 2796 habet,
927 2721 1006 2784 unde
1022 2721 1110 2801 petat’

292 2819 307 2869 2
324 2815 441 2878 sortasse
458 2818 480 2870 si
497 2817 559 2870 licet

685 2921 808 2983 XXXV*

313 3022 412 3085 omnia
426 3025 502 3102 quae
517 3022 639 3086 miseras
653 3033 780 3104 possunt
794 3025 880 3086 finire
896 3025 1049 3104 querellas,

361 3108 391 3169 in
407 3117 549 3189 promptu
565 3108 656 3170 voluit
671 3109 814 3171 candidus
829 3128 893 3172 esse
908 3111 990 3174 deus.

313 3192 369 3253 vile
383 3192 471 3256 holus
487 3203 516 3255 et
530 3193 613 3254 duris
628 3193 780 3254 haerentia
794 3213 877 3256 mora
892 3195 1005 3258 rubetis

360 3279 521 3357 pungentis
536 3279 679 3340 stomachi
694 3297 889 3358 composuere
902 3281 1019 3341 famem.
1127 3295 1128 3300 ’

257 3372 272 3422 t
315 3361 437 3423 flumine
452 3363 548 3425 vicino
564 3363 671 3425 stultus
685 3363 755 3436 sitit,
772 3364 876 3443 effugit
890 3384 963 3427 euro
1175 3361 1177 3368 '

362 3464 431 3507 cum
445 3448 556 3510 calidus
570 3447 670 3528 tepido
686 3457 833 3510 consonat
847 3448 917 3529 igne
930 3450 1039 3513 tholus.

314 3532 362 3593 lex
372 3540 481 3594 armata
496 3533 579 3595 sedet
593 3532 705 3594 circum
721 3532 782 3594 iera
796 3533 897 3596 linrina
914 3544 1033 3616 nuptae,

364 3615 406 3678 nil
420 3618 524 3679 metuit
538 3618 617 3680 licito
633 3619 697 3680 lusa
712 3618 808 3699 puella
826 3627 902 3682 toro.

317 3701 398 3781 quod
412 3703 518 3764 satiare
532 3710 638 3783 potest,
654 3703 733 3766 dives
748 3713 854 3767 natura
869 3704 1030 3766 ministrat:
1125 3723 1126 3726 ¹

246 3796 274 3847 to
360 3788 438 3866 quod
455 3789 541 3851 docet
555 3788 680 3850 infrenis
695 3789 797 3870 gloria,
813 3791 873 3852 fine
888 3796 968 3850 caret

296 3889 312 3938 t
329 3888 467 3953 pugnantis
480 3887 519 3956 116
537 3888 596 3954 igne
614 3887 713 3958 rognsll
729 3891 759 3942 10
777 3887 882 3942 interius

361 4098 364 4106 ’
441 4094 820 4280 Α*
