2780 4480
556 173 695 227 suumne
1118 174 1158 235 63

39 357 61 408 L
82 353 198 433 recepi.
235 353 283 414 illc
305 360 337 413 ut
359 371 391 414 se
412 352 443 412 in
466 351 619 431 grabatum
640 351 742 414 reiecit
760 353 888 432 viditque
904 351 1011 414 Gitona
1034 352 1063 413 in
1087 372 1159 416 ocn-

81 447 193 520 spcctu
211 438 442 510 ministrantem,
458 438 548 499 movit
563 445 651 517 caput
666 445 695 499 et
709 437 815 498 ‘laudo'
830 437 927 518 iuquit
941 437 1159 517 ‘Ganymedem

83 531 208 604 oportet
221 523 309 584 hodie
324 522 401 584 bene
416 523 472 584 sit'.
503 541 564 584 non
586 523 738 585 delectavit
758 541 805 584 me
825 532 883 584 tam
905 524 1055 585 curiosum
1075 525 1160 604 prin-

83 611 199 691 cipium
214 609 367 687 timuique,
384 626 422 669 ne
437 608 468 669 in
485 609 715 671 contubernium
730 609 907 689 recepissem
923 610 1032 690 Ascylti
1047 627 1159 689 parem.

44 704 60 752 5
84 698 178 757 instat
193 694 366 775 Eumolpus,
382 701 411 754 et
426 712 493 754 cum
515 711 590 773 puer
613 694 653 755 illi
676 695 828 773 potionem
849 694 991 769 dedisset,
1013 695 1099 757 ‘malo
1121 694 1160 756 te'

85 780 187 860 inquit
201 785 299 858 ‘quam
315 778 453 840 balneum
467 777 572 840 totum’
588 779 756 859 siccatoque
771 780 852 841 avide
868 780 975 860 poculo
998 788 1085 860 negat
1105 779 1160 841 sibi

84 883 221 946 unquam
237 864 348 926 acidius
363 863 463 926 luisse.
492 869 571 924 ‘nom
586 872 616 925 et
638 864 707 926 dum
722 865 811 926 lavor'
832 865 872 926 ait
894 870 998 946 ‘paene
1018 865 1160 946 vapulavi,

86 952 160 1031 qnia
171 958 297 1012 conatus
318 969 382 1012 sum
406 949 482 1011 circa
505 950 610 1011 solium
633 950 804 1012 sedentibus
826 968 946 1012 carmen
968 951 1109 1025 recitare,
1132 958 1160 1010 et

86 1045 247 1117 postquam
262 1036 298 1096 de
318 1035 423 1096 balneo
445 1044 586 1113 tanquam
608 1035 643 1096 de
665 1036 779 1096 theatro
802 1037 913 1098 eiectus
933 1055 1013 1112 sum,
1035 1035 1160 1098 circuire

29 1128 62 1178 10
87 1140 194 1185 omues
209 1120 334 1200 angulos
348 1121 433 1200 coepi
449 1129 479 1181 et
494 1121 570 1181 clara
592 1138 663 1181 voce
678 1120 845 1201 Encolpion
867 1121 1024 1182 clamitare.
1062 1141 1098 1184 er
1118 1120 1160 1182 al·

86 1201 152 1269 t'era
167 1215 251 1286 parte
273 1205 388 1267 iuvenis
411 1204 523 1280 nudus,
547 1205 597 1284 qui
618 1206 791 1268 vestimenta
815 1207 997 1286 perdiderat„
1021 1227 1081 1269 non
1104 1206 1160 1267 mi·

86 1303 164 1354 nore
191 1290 328 1352 clamoris
350 1291 553 1370 indignatione
576 1291 683 1353 Gitona
710 1291 867 1372 flagitabat.
911 1302 941 1354 et
966 1312 1013 1354 me
1041 1291 1159 1372 quidem

85 1378 176 1458 pueri
197 1387 337 1456 unquam
367 1376 509 1438 insanum
534 1375 695 1439 imitatione
722 1378 954 1456 petulantissima
983 1378 1160 1456 deriserunt,

86 1464 172 1526 illum
193 1471 291 1524 autem
312 1462 478 1540 trequentia
500 1461 606 1540 ingens
630 1462 822 1524 circumvenit
844 1481 912 1523 cum
933 1464 1038 1544 plausu
1059 1472 1089 1525 et
1109 1462 1161 1523 ad·

35 1555 63 1605 15
86 1548 246 1623 miratione
268 1547 459 1609 timidissima.
505 1546 633 1607 babebat
661 1545 741 1608 enim
769 1547 926 1627 inguinum
954 1549 1071 1628 pondus
1100 1557 1160 1610 tam

86 1634 211 1714 grande,
228 1641 261 1694 ut
275 1633 373 1712 ipsum
387 1632 539 1693 hominem
554 1632 687 1692 laciniam
704 1632 806 1693 lasciui
820 1625 965 1694 crederes.
996 1634 1160 1694 niuvenem

87 1719 285 1781 laboriosum:
302 1726 374 1800 puto
390 1717 471 1778 illum
484 1717 578 1798 pridie
589 1717 731 1796 incipere,
747 1725 866 1797 postero
878 1718 925 1779 die
936 1719 1031 1778 linire.
1062 1718 1160 1797 itaque

86 1805 187 1868 statim
208 1803 322 1865 invenit
343 1802 483 1882 currilium
490 1821 498 1878 ;
520 1802 621 1864 nescio
644 1801 709 1881 quis
730 1803 824 1878 enim,
847 1821 938 1882 eques
957 1803 1108 1864 Romanus
1128 1813 1161 1864 ut

86 1891 207 1952 aiebant
221 1888 353 1963 inlamis,
369 1907 422 1951 sna
436 1897 515 1950 veste
531 1897 681 1950 errantem
700 1888 892 1950 circumdedit
913 1907 947 1950 ac
968 1889 1086 1951 domum
1108 1887 1161 1949 ab·

36 1981 64 2031 tc
85 1977 187 2050 duxit,
211 1975 315 2047 credo,
338 1982 371 2034 ut
385 1982 444 2034 tam
459 1992 566 2052 magna
582 1974 702 2034 lortuna
723 1974 803 2036 solus
823 1982 966 2036 uteretur.
996 1983 1025 2036 at
1045 1993 1100 2054 ego
1123 1993 1161 2036 oe

86 2080 154 2123 mea
170 2059 290 2140 quidem
305 2059 477 2121 vestimenta
492 2059 530 2120 ab
544 2059 678 2121 ollicioso
694 2061 805 2122 custode
820 2061 1006 2140 recepissem,
1030 2059 1086 2121 nisi
1106 2079 1161 2120 no·

86 2155 183 2207 torem
200 2146 354 2206 dedissem.
384 2152 467 2206 tanto
481 2145 573 2224 magis
589 2145 707 2224 expedit
721 2144 844 2224 inguina
865 2163 953 2224 quam
975 2146 1093 2225 ingenia
1108 2145 1161 2205 lri-

87 2231 176 2292 care’.
198 2229 424 2310 baechmolpo
436 2229 552 2292 dicente
562 2229 711 2292 mutabam
723 2247 778 2307 ego
789 2230 1027 2309 frequentissime
1039 2230 1160 2303 vultum,

87 2315 206 2379 iniuriis
220 2314 334 2376 scilicet
350 2314 461 2376 inimici
483 2314 541 2375 mei
562 2314 671 2389 hilaris,
694 2313 856 2376 commodis
878 2315 978 2377 tristis.
1009 2323 1161 2392 utcunque

38 2406 65 2455 25
86 2412 197 2480 tameo,
214 2409 354 2478 tanquam
367 2419 428 2462 non
441 2417 633 2480 agnoscerem
644 2399 780 2473 fabulam,
793 2399 870 2460 tacui
882 2407 912 2461 et
923 2416 1013 2461 cenae
1026 2399 1159 2460 ordinem

87 2486 216 2568 explicui

619 2590 635 2627 ἡ

174 2655 241 2717 ‘vile
257 2662 311 2730 est,
326 2654 405 2732 quod
421 2654 497 2727 licet,
516 2663 546 2715 et
560 2654 676 2715 animus
691 2672 792 2716 errore
807 2655 906 2717 lentus
921 2655 1043 2717 iniurias
1059 2654 1159 2734 diligit.
1178 2650 1219 2715 93

295 2739 355 2800 ales
370 2737 517 2800 Phasiacis
531 2739 622 2819 petita
638 2739 753 2800 Colchis

294 2833 382 2902 atque
398 2824 484 2885 dirae
499 2823 633 2886 volucres
648 2824 766 2904 placent
779 2825 886 2906 palato,

295 2911 374 2989 quod
390 2926 451 2971 non
467 2916 537 2970 sunt
551 2909 666 2970 lacilcs:
683 2916 712 2970 at
726 2909 810 2971 albus
826 2929 914 2972 anser

296 3004 324 3056 et
339 2995 424 3075 pictis
439 3013 510 3056 anas
525 3003 663 3056 renovem
677 2995 786 3074 pennis

294 3079 444 3160 plebeium
459 3079 543 3160 sapit.
574 3079 682 3141 ultimis
698 3078 733 3140 ab
750 3079 809 3141 oris

294 3173 434 3226 attractus
450 3183 551 3226 scarus
567 3173 654 3244 atque
668 3173 748 3226 arata
763 3164 856 3244 Syrtis

294 3250 403 3331 siquid
420 3250 572 3330 naufragio
588 3249 677 3325 dedit,
692 3249 849 3330 probator:

294 3336 402 3398 mullus
418 3335 475 3396 iam
489 3335 584 3414 gravis
600 3344 652 3396 cst.
682 3335 773 3396 amica
789 3333 879 3394 vincit

294 3439 425 3482 uxorem.
456 3439 522 3482 rosa
537 3421 708 3482 cinnamum
722 3426 850 3481 veretur,

295 3505 434 3585 quicquid
450 3505 611 3584 quaeritur,
628 3505 770 3586 optimum
785 3503 919 3567 videtur!

175 3589 243 3650 ‘hoc
259 3591 312 3651 est’
326 3591 446 3670 inquam
463 3590 553 3669 ‘quod
571 3591 758 3670 promiseras,
774 3606 916 3668 nequem
935 3588 1021 3650 hodie
1045 3605 1160 3652 versum
1178 3588 1219 3650 94

88 3672 226 3738 laceres?
241 3694 295 3755 per
310 3675 408 3750 fidem,
424 3675 526 3738 saltem
541 3674 627 3737 nobis
642 3693 741 3756 parce,
757 3675 808 3754 qui
825 3684 854 3735 te
877 3691 1028 3752 nunquam
1049 3672 1159 3755 lapida-
1217 3741 1219 3748 ¹

169 3879 185 3930 8
203 3879 230 3930 et
247 3876 257 3946 ΙΙ
274 3879 306 3932 24
320 3876 399 3932 nostri
415 3876 596 3940 Tornaeeiana
614 3875 623 3944 i
641 3878 671 3928 tt
686 3875 764 3929 errori
782 3875 896 3928 intentos
914 3877 1017 3926 conieci
1032 3871 1042 3943 i
1061 3877 1091 3928 al
1106 3873 1161 3926 avis

87 3943 263 4010 florilegium.
299 3951 382 3998 metro
401 3947 525 3997 convenit
541 3944 673 4014 ingravate
