2772 4476
239 205 279 266 30
701 207 854 262 Puuuouu

240 381 384 443 urceatim
397 381 551 461 plorebat:
573 392 624 444 aut
645 392 719 445 tuuc
741 389 792 442 aut
813 399 982 460 nusquam:
1003 392 1035 444 et
1054 397 1159 444 omnes
1177 381 1350 444 redibantn

239 466 290 528 udi
305 476 447 546 tauquam
461 485 570 529 mures.
607 469 707 547 itaque
728 467 768 526 dii
790 467 881 546 pedes
895 467 1008 529 lanatos
1024 467 1151 538 habent,
1174 467 1244 546 quia
1257 486 1311 529 uos

241 551 371 631 religiosi
387 571 449 613 uon
465 571 575 614 sumus.
605 554 668 633 agri
683 551 789 614 iacent’
805 582 846 614 -·.-

189 642 230 711 45
327 642 389 700 ‘oro
404 638 442 699 te’
457 639 555 716 iuquit
569 636 682 700 llcbion
702 637 892 700 centonarius
908 637 1031 699 ‘melius
1042 637 1175 717 loquere
1205 637 1311 698 “modo

240 725 292 796 sic,
309 723 396 784 modo
410 722 471 784 sic''
486 723 582 802 iuquit
593 725 736 798 rusticus;
752 723 863 784 varium
876 740 1000 802 porcum
1013 723 1189 802 perdiderat.
1208 718 1214 802 Ι
1235 723 1312 801 quod
1325 733 1374 785 ulli

240 808 328 868 bodie
344 826 406 870 uon
423 815 484 882 cst,
500 809 651 871 eraserit:
671 809 715 870 sic
728 809 785 870 vita
799 808 937 870 tunditur.
958 806 963 889 Ι
983 827 1045 868 non
1060 807 1246 870 mehercules
1260 827 1311 886 pa·
1327 817 1350 866 ll

240 895 296 954 tria
307 893 411 954 melior
425 893 483 955 dici
496 903 604 973 potest,
620 894 645 956 si
660 895 796 955 homines
811 894 942 955 haberet
972 894 1024 954 sed
1037 893 1153 954 laborat
1166 894 1225 955 hoc
1238 902 1311 954 tem·

241 997 330 1060 pore,
349 995 405 1039 uec
421 979 492 1039 haec
506 980 577 1040 sola.
608 999 669 1040 non
686 979 828 1041 debemus
841 979 956 1040 delicati
971 997 1051 1052 esse,
1073 978 1184 1057 ubique
1199 979 1312 1040 medius

135 1090 137 1094 ·
242 1063 340 1125 caelus
355 1074 408 1126 est.
443 1073 476 1124 tu
491 1065 514 1126 si
530 1065 619 1126 aliubi
633 1065 740 1140 lucris,
756 1064 838 1126 dices
851 1066 900 1126 hic
914 1082 1023 1144 porcos
1037 1073 1138 1128 coctos
1153 1065 1312 1125 ambulare.

242 1159 355 1210 clocca
370 1149 500 1210 babituri
515 1169 616 1212 sumus
631 1167 741 1212 munus
756 1151 919 1212 excellente
935 1151 964 1210 in
981 1149 1081 1211 uiduo
1097 1149 1144 1210 die
1159 1151 1249 1224 lesta3
1270 1151 1312 1210 la·
1327 1161 1351 1212 tu

241 1235 319 1295 milia
335 1251 397 1295 non
412 1233 566 1308 lanisticia,
582 1237 634 1298 sed
646 1236 767 1315 plurimi
780 1235 886 1297 liberti.
917 1245 947 1296 et
961 1234 1045 1296 'litus
1055 1244 1159 1296 noster
1172 1253 1313 1314 magnum

231 1320 372 1380 'animum
387 1319 477 1380 habet
492 1329 521 1381 et
536 1330 581 1382 est
595 1320 838 1382 caldicerebrius:
861 1331 913 1383 aut
925 1322 984 1382 boc
998 1330 1050 1382 aut
1062 1320 1135 1382 illud
1151 1320 1223 1393 erit,
1241 1319 1312 1398 quid

242 1406 353 1484 utique.
391 1423 459 1466 nam
474 1407 515 1466 illi
531 1406 710 1468 domesticus
724 1425 807 1479 sum,
825 1425 885 1468 non
902 1415 947 1468 est
960 1406 1073 1468 miscix.
1107 1407 1221 1466 ferrum
1236 1405 1313 1484 opti·

242 1509 323 1551 mum
339 1491 462 1552 daturus
476 1501 535 1565 est,
551 1492 616 1553 sine
631 1493 714 1570 luga,
730 1493 898 1553 carnarium
914 1493 945 1553 in
960 1491 1067 1564 medio,
1082 1500 1117 1552 ut
1130 1491 1313 1570 amphithea-

241 1585 321 1637 trum
337 1575 440 1636 videat.
475 1586 505 1637 et
520 1576 608 1638 habet
621 1578 716 1638 unde:
737 1577 872 1638 relictum
888 1586 933 1638 est
953 1577 993 1637 illi
1015 1577 1183 1638 sestertium
1202 1577 1314 1638 tricen-
1329 1585 1352 1636 tt

242 1662 311 1735 ties,
335 1661 461 1723 decessit
474 1661 553 1723 illius
572 1671 657 1743 pater
669 1663 754 1724 male.
783 1672 817 1724 ut
832 1662 1046 1742 quadringenta
1061 1662 1229 1741 impendat,
1252 1681 1313 1724 non

242 1749 350 1809 sentiet
363 1748 574 1827 patrimonium
589 1747 676 1822 illius,
691 1755 722 1809 et
735 1749 916 1828 sempiterno
932 1746 1144 1808 nominabitur.
1180 1747 1237 1807 ian
1253 1747 1313 1808 lla·

242 1833 309 1893 nios
323 1833 435 1909 aliquot
449 1833 538 1893 habet
552 1842 582 1892 et
596 1833 750 1894 mulierem
765 1833 939 1894 essedariam
956 1842 985 1893 et
997 1832 1233 1911 dispensatorem
1244 1831 1314 1912 Gly-

244 1917 343 1988 conis,
366 1918 417 1994 qui
437 1916 639 1995 deprehensus
660 1926 719 1992 est,
744 1935 810 1978 cum
832 1917 983 1978 donunam
1003 1935 1086 1980 suam
1108 1918 1313 1978 delectaretur.

242 2000 354 2062 videbis
372 2003 476 2081 populi
502 2002 594 2062 rixam
618 2002 699 2063 inter
722 2003 872 2082 zelotypos
896 2012 926 2063 et
950 2003 1177 2064 amasiunculos.
1222 2002 1313 2083 Glyco
1327 2010 1352 2060 a)

243 2095 355 2161 autem,
377 2085 574 2149 sestertiarius
588 2087 693 2161 homo,
709 2087 944 2168 dispensatorem
963 2089 997 2149 ad
1013 2087 1122 2150 bestias
1136 2088 1226 2149 dedit.
1254 2088 1313 2149 boc

243 2179 333 2233 estse
354 2173 451 2252 ipsum
473 2173 638 2234 traducere.
675 2173 746 2254 quid
767 2191 869 2235 servus
887 2174 1034 2252 peccarit,
1057 2173 1109 2252 qui
1130 2181 1314 2236 coactusest

242 2255 362 2319 lacera‘l
391 2257 485 2338 magis
499 2259 547 2320 illa
562 2259 677 2334 matella
693 2259 781 2338 digua
795 2259 861 2333 luit,
876 2277 964 2338 quam
979 2267 1082 2321 tannis
1097 2259 1227 2320 iactaret
1261 2260 1312 2320 sed

242 2343 293 2422 qui
308 2344 425 2406 asinum
442 2363 503 2405 non
518 2352 630 2424 potest,
651 2353 776 2406 stratum
796 2344 899 2406 caedit.
941 2344 1010 2424 quid
1028 2352 1126 2406 autem
1142 2343 1233 2424 Glyco
1255 2363 1313 2425 pu·

240 2429 319 2489 tabat
332 2429 543 2511 Hermogenis
543 2430 650 2491 filicem
665 2449 797 2510 unquam
811 2431 923 2492 bouum
941 2431 1051 2492 exitum
1066 2428 1233 2492 lacturam‘l
1263 2429 1351 2491 iusto

239 2515 327 2574 milvo
342 2515 452 2576 volanti
465 2523 583 2595 poterat
597 2533 712 2595 ungues
727 2533 876 2592 resecare;
892 2515 1014 2577 colubra
1025 2525 1134 2578 restem
1150 2533 1211 2576 non
1223 2515 1312 2595 parit

240 2599 346 2678 Glyco,
369 2599 459 2678 Glyco
481 2600 560 2660 dedit
574 2618 657 2676 snas;
677 2601 776 2679 itaque
798 2602 938 2680 quamdiu
958 2600 1076 2674 vixerit,
1099 2600 1218 2662 habebit
1238 2601 1312 2679 stig·

239 2701 326 2757 mam,
343 2703 398 2745 nee
413 2684 491 2744 illam
507 2685 563 2746 nisi
580 2684 675 2746 Orcus
690 2686 807 2747 delebit.
836 2687 887 2748 sed
902 2687 958 2748 sibi
974 2687 1100 2765 quisque
1114 2696 1227 2766 peccat.
1259 2686 1312 2746 sed

238 2768 416 2838 subolfacio,
439 2769 517 2848 quod
533 2769 620 2832 nobis
635 2773 755 2851 epulum
771 2773 893 2833 daturus
908 2782 954 2834 est
966 2772 1137 2844 Mammaea,
1155 2772 1243 2832 binos
1259 2771 1311 2832 de-

238 2854 338 2914 narios
352 2855 423 2915 mihi
439 2864 469 2915 et
481 2855 563 2915 meis.
594 2856 673 2934 quod
688 2858 712 2919 si
727 2858 785 2917 hoe
800 2858 919 2930 lecerit,
939 2858 1043 2938 eripiat
1057 2857 1198 2918 Norbano
1212 2864 1312 2917 totum
1326 2859 1352 2908 3⁰

237 2941 376 3000 favorem.
405 2941 479 3001 scias
495 2949 621 3018 oportet,
637 2943 733 3021 plenis
747 2944 818 3004 velis
833 2944 915 3004 hune
928 2944 1117 3004 vinciturum.
1152 2951 1183 3002 et
1197 2959 1311 3015 revera,

237 3025 306 3104 quid
329 3025 377 3086 ille
399 3025 486 3088 uobis
505 3025 577 3086 boui
599 3026 691 3088 lecit?
731 3028 812 3089 dedit
832 3029 1009 3106 gladiatores
1030 3027 1226 3100 sestertiarios
1251 3029 1311 3088 iam

237 3110 417 3192 decrepitos,
441 3130 515 3190 quos
531 3110 555 3172 si
570 3113 732 3188 sufflasses,
755 3114 945 3190 cecidissent3
969 3115 1025 3174 iam
1046 3112 1183 3173 meliores
1199 3111 1312 3175 bestia-

237 3197 297 3256 rios
312 3195 377 3257 vidi.
415 3197 522 3258 occidit
536 3197 572 3257 dc
588 3198 709 3259 lucerna
725 3201 854 3278 equites,
875 3207 996 3280 putares
1013 3215 1064 3258 eos
1079 3197 1170 3276 gallos
1184 3197 1311 3274 gallina·

191 3331 194 3340 .
237 3299 320 3354 ceos;
336 3281 410 3342 alter
424 3281 614 3356 burdubasta,
630 3284 702 3346 alter
715 3285 833 3365 loripes,
848 3285 999 3346 tertiarius
1009 3291 1145 3343 mortuus
1158 3299 1214 3362 pro
1226 3301 1311 3344 mor·
1326 3285 1351 3334 ³⁵

236 3373 303 3439 tuo,
331 3366 381 3443 qui
401 3367 527 3427 habebat
548 3369 655 3430 nervia.
672 3371 813 3449 praecisa.
854 3387 933 3431 unus
958 3368 1081 3430 alicuius
1104 3369 1227 3428 flaturae
1251 3369 1312 3431 luit

236 3450 367 3526 Thraex,
391 3451 441 3529 qui
463 3463 492 3513 et
512 3453 576 3532 ipse
595 3455 631 3515 ad
652 3455 758 3518 dictata
779 3455 928 3535 pugnavit.
965 3456 1001 3517 ad
1019 3471 1179 3527 summam,
1203 3471 1312 3516 omnes

235 3545 338 3617 postea
353 3537 425 3597 secti
441 3546 526 3612 sunt3
548 3540 620 3600 adeo
642 3541 678 3600 de
695 3559 802 3619 magua
816 3539 903 3601 turba
918 3539 1104 3602 “adhibete''
1119 3549 1311 3618 acceperant,

234 3623 322 3700 plane
337 3623 424 3700 lagae
439 3641 546 3684 merae.
584 3629 720 3687 “munus
734 3625 859 3686 tamen'’
875 3627 973 3705 inquit
988 3624 1067 3688 “tibi
1082 3624 1148 3686 dedi
1158 3623 1184 3697 '',
1206 3633 1236 3686 et
1251 3644 1311 3704 ego

234 3707 287 3766 tibi
302 3707 400 3788 plodo.
440 3717 593 3787 computa,
618 3720 647 3771 et
661 3710 714 3772 tibi
735 3712 803 3794 plus
820 3713 858 3771 do
874 3730 962 3790 quam
977 3711 1086 3789 accepi.
1122 3727 1229 3772 manus
1243 3729 1313 3770 ma·
1328 3711 1354 3760 ⁴⁰

233 3843 436 3854 ..ψ-,Μ

321 3911 333 3958 1
353 3908 471 3961 ridebant
487 3915 517 3962 ul
530 3910 564 3962 dli
577 3911 587 3978 ΙΙ
603 3915 618 3962 l
632 3912 747 3973 fortasse
765 3916 884 3978 saperent
895 3909 905 3978 ΙΙ
924 3914 955 3962 tt
968 3910 1037 3978 quod
1048 3909 1058 3980 ΙΙ
1070 3914 1103 3963 25
1120 3909 1200 3961 filiam
1218 3913 1313 3963 editor

233 3977 379 4027 Patauium
395 3974 405 4044 ll
423 3981 454 4030 27
474 3991 535 4029 suos
553 3978 704 4042 Sebofferm
720 3977 731 4041 ΙΙ
748 3983 780 4032 36
799 3977 877 4030 babet
892 3979 896 4046 Ι
911 3982 1024 4031 staturae
1043 3979 1194 4042 Sobafferus
