2780 4480
219 203 280 267 102
677 205 831 259 PE'fllOllll

743 365 760 404 *

301 427 307 513 Ι
326 431 480 494 Oenothea
494 449 627 492 mensam
641 437 772 492 veterem
793 428 894 509 posuit
908 428 938 490 in
959 427 1057 490 medio
1079 428 1182 502 altari,
1205 447 1305 508 quam
1324 436 1345 486 t

217 517 288 579 vivis
308 515 439 597 implevit
459 515 653 590 carbonibus,
680 523 709 576 et
730 513 880 576 camellam
900 513 988 577 etiam
1009 522 1153 579 vetustate
1174 523 1304 596 ruptam

217 601 283 683 pice
305 607 467 682 temperata
487 600 600 663 refecit.
636 608 698 662 tum
721 599 849 673 clavum,
876 598 928 678 qui
947 597 1152 662 detrahentem
1173 609 1304 664 secutus

218 706 285 750 cum
308 687 428 750 camella
450 687 547 767 lignea
569 686 680 759 fuerat,
703 685 819 746 fumoso
842 683 949 763 parieti
969 683 1107 746 reddidit.
1126 681 1131 765 1
1152 703 1221 746 mox
1249 686 1302 746 in·
1323 692 1367 744 to

217 773 313 835 cincta
328 772 470 852 quadrato
486 769 574 852 pallio
590 788 745 834 cucumam
759 769 911 850 ingentem
935 769 1003 830 foco
1023 769 1175 849 apposuit,
1191 770 1304 832 simul·
1323 782 1338 830 a

217 859 276 937 q'ue
290 876 425 937 pannum
441 856 477 918 de
492 856 628 918 carnario
644 855 749 918 detulit
763 855 855 930 furca,
871 853 901 916 in
918 873 978 934 quo
994 851 1141 916 faba'erat
1154 855 1190 915 ad
1206 873 1302 917 usum

217 943 347 1022 reposita
365 939 371 1020 1
389 949 420 1004 et
434 940 579 1022 sincipitis
593 940 788 1003 vetustissima
804 939 947 1019 particula
961 939 1041 1002 mille
1056 939 1151 1019 plagis
1164 939 1277 1002 dolata.
1296 947 1301 1016 1
1323 947 1345 998 t

217 1035 252 1090 ut
273 1026 358 1088 solvit
382 1045 455 1106 ergo
470 1026 538 1088 licio
559 1043 710 1106 pannum,
732 1033 846 1105 partem
868 1024 1026 1103 leguminis
1048 1041 1139 1104 super
1160 1043 1304 1088 mensam
1321 1032 1364 1084 Lo

218 1111 322 1174 effudit
335 1111 479 1190 iussitque
493 1129 541 1173 me
562 1111 720 1191 diligenter
734 1127 872 1190 purgare.
902 1109 998 1171 servio
1014 1127 1069 1188 ego
1085 1109 1211 1189 imperio
1227 1129 1304 1190 gra-

132 1244 135 1249 -
218 1215 315 1276 naque
337 1197 544 1260 sordidissimis
564 1194 768 1276 putaminibus
788 1195 890 1256 vestita
914 1195 1030 1257 curiosa
1052 1213 1144 1258 manu
1159 1213 1303 1277 segrego.
1322 1207 1349 1257 ιο

217 1290 247 1344 at
260 1281 308 1342 illa
324 1281 461 1344 inertiam
474 1299 570 1342 meam
589 1299 731 1344 accusans
753 1279 889 1360 improba
909 1279 1001 1352 tollit,
1024 1279 1224 1359 dentibusque
1241 1283 1304 1343 fol·

217 1365 322 1428 liculos
336 1367 447 1446 pariter
460 1367 567 1448 spoliat
581 1376 669 1446 atque
684 1366 716 1427 in
739 1371 849 1426 terram
865 1365 954 1428 veluti
969 1381 1137 1426 muscarum
1151 1365 1303 1444 imagines

216 1451 333 1532 despuit

745 1532 761 1570 ss

301 1618 430 1682 mirabar
451 1621 589 1701 equidem
610 1620 793 1700 paupertatis
811 1618 964 1698 ingenium
985 1617 1231 1699 singularumque
1249 1639 1300 1684 rc-

217 1724 284 1767 rum
299 1705 439 1785 quasdam
454 1715 548 1768 artes:
1053 1783 1055 1790 Α
1318 1716 1345 1767 15

325 1809 386 1851 non
402 1791 508 1851 lndum
524 1790 655 1869 fulgebat
670 1789 753 1864 ebur,
769 1786 850 1867 quod
866 1787 1033 1849 inhaeserat
1048 1803 1131 1861 auro,

323 1892 380 1935 nec
396 1875 453 1935 iam
469 1875 581 1936 calcato
596 1873 728 1933 radiabat
742 1889 890 1933 marmore
904 1880 985 1933 terra

322 1958 499 2020 muneribus
513 1958 614 2021 delusa
629 1957 699 2032 suis,
714 1957 766 2019 sed
781 1964 862 2018 crata
876 1955 988 2036 saligna

323 2042 493 2122 impositum
509 2042 624 2104 Cereris
638 2059 746 2102 vacuae
761 2059 868 2103 nemus
883 2050 912 2102 et
926 2060 1003 2103 nova
1017 2050 1113 2104 terrae

322 2128 438 2208 pocula,
454 2145 529 2207 quae
544 2127 622 2189 facili
637 2125 701 2188 vilis
715 2133 781 2188 rota
796 2127 921 2188 tinxerat
939 2135 1016 2188 actu.
1318 2139 1347 2192 tt
1384 2193 1385 2217 1

323 2213 394 2274 hinc
408 2213 489 2276 molli
503 2213 596 2275 stillae
611 2211 693 2274 lacus
709 2222 742 2274 et·
752 2213 788 2274 de
803 2211 924 2274 caudice
938 2213 1020 2273 lento

322 2297 467 2362 vimineae
481 2299 587 2361 lances·
595 2297 800 2378 maculataque
816 2305 891 2360 testa
906 2297 1013 2377 Lyaeo.

321 2392 352 2444 at
365 2385 463 2463 paries
478 2384 556 2446 circa
571 2384 653 2465 palea
668 2381 790 2446 satiatus
804 2381 887 2445 inani

322 2469 505 2548 fortuitoque
520 2469 583 2531 luto
600 2469 697 2530 clavos
713 2468 888 2529 numerabat
903 2474 1043 2547 agrestes,

323 2561 352 2613 at
366 2553 451 2614 viridi
466 2554 556 2616 iunco
571 2553 688 2633 gracilis
705 2552 854 2632 pendebat
869 2551 1015 2614 harundo.
1317 2565 1346 2616 aa

321 2646 475 2717 praeterea
490 2655 566 2716 quae
580 2639 697 2698 fumoso
713 2655 857 2718 suspensa
872 2637 965 2716 tigillo

322 2721 517 2783 conservabat
531 2741 603 2802 opes
616 2721 737 2783 humilis
751 2739 827 2796 casa,
842 2721 924 2783 mitia
938 2720 1025 2784 sorba

321 2803 401 2866 inter
412 2806 548 2868 odoratas
562 2806 732 2886 pendebant
746 2815 826 2868 texta
841 2825 969 2869 coronas

322 2897 352 2950 et
365 2890 520 2971 thymbrae
534 2899 649 2954 veteres
664 2897 694 2952 et
707 2892 801 2971 passis
814 2888 871 2954 ‘aava
885 2891 1024 2954 racemis:
1121 2915 1124 2920 ·

323 2975 418 3055 qualis
433 2976 464 3039 iu
480 2976 586 3039 Actaea
602 2976 823 3056 quondamfuit
838 2977 1058 3058 hospitatura,
1316 2989 1348 3042 8⁰

323 3061 414 3140 digna
428 3063 521 3126 sacris
535 3062 669 3136 llecales,
685 3080 772 3142 quam
788 3063 869 3124 Musa
885 3059 1076 3141 loquentibus
1091 3060 1178 3123 annis

140 3176 146 3189 x
224 3169 228 3174 ·
323 3145 483 3211 Baccineas
496 3156 609 3211 veteres
623 3147 787 3210 mirandam
802 3147 920 3208 tradidit
936 3165 1007 3208 aevo
1381 3147 1382 3150 ’

745 3253 761 3291 *

134 3313 196 3378 136
303 3312 374 3374 dum
389 3315 438 3378 illa
453 3318 552 3380 carnis
567 3317 653 3380 etiam
669 3316 822 3397 paululum
838 3315 947 3380 delibat

217 3407 246 3459 et
261 3397 332 3460 dum
348 3402 505 3480 coaequale
522 3402 662 3464 natalium
683 3419 805 3464 suorum
827 3399 956 3484 sinciput
977 3401 1008 3462 in
1025 3395 1195 3464 carnarium
1211 3399 1298 3464 furca

217 3483 352 3564 reponit,
376 3485 467 3546 fracta
489 3494 534 3548 est
548 3487 643 3566 putris
658 3485 745 3562 sella,
769 3503 843 3566 quae
865 3495 995 3550 staturae
1012 3485 1197 3552 altitudinem
1213 3485 1296 3550 adie-
1313 3499 1347 3550 35

217 3636 272 3686 tum
289 3637 479 3701 interpositum
521 3639 562 3688 ost
584 3633 703 3704 adposuit
724 3639 786 3687 anta
809 3636 936 3707 simulque
955 3639 1012 3700 102,
1032 3639 1095 3689 bin
1114 3636 1163 3705 01
1182 3639 1198 3690 2
1216 3638 1296 3691 etiam

218 3703 321 3756 dotabat
336 3703 462 3771 labaim,
483 3650 598 3766 sbi-tusae
619 3703 803 3756 collocandum
821 3710 860 3757 eat
883 3709 945 3757 anta
965 3707 1067 3771 ruptam
1085 3703 1095 3771 11
1113 3707 1143 3758 11
1169 3713 1298 3774 aepactas

217 3769 273 3836 ipsa
291 3770 365 3823 fabas
382 3771 472 3840 tollitll
489 3775 519 3826 tt
537 3771 704 3839 singularium
723 3787 756 3825 ua
769 3773 854 3825 Italus
871 3773 970 3839 aliquia
982 3769 992 3838 1
1006 3772 1038 3824 20
1056 3771 1132 3824 hastu
1149 3773 1193 3824 ool
1209 3777 1270 3828 astu
1287 3777 1298 3844 11

217 3839 248 3890 ll
270 3843 296 3888 et
313 3840 346 3890 22
401 3843 429 3892 to
445 3845 506 3975 port
523 3841 556 3894 24
575 3841 695 3894 collocare
716 3857 745 3893 oe
758 3841 764 3907 1
778 3841 848 3893 stilla
866 3841 888 3892 L
904 3844 909 3905 1
924 3839 991 3892 latus
1005 3837 1016 3900 11
1036 3841 1068 3892 23
1087 3845 1114 3892 et
1132 3841 1198 3893 libri
1210 3841 1300 3908 pleri-

217 3904 435 4024 quoquotum
466 3911 502 3988 ‚²⁶
531 3923 579 3960 nas
591 3906 683 3960 Dama
695 3908 705 3976 11
715 3912 748 3962 28
758 3911 821 3975 pou
833 3911 864 3962 29
877 3907 1007 3959 collocari
1017 3908 1088 3960 mato
1100 3906 1148 3975 1131
1164 3908 1301 3981 llecatesll

219 3974 251 4028 82
294 3972 410 4027 attiadae·
421 3978 489 4026 ratas
534 3976 606 4026 uniat
619 3975 625 4042 1
639 3975 754 4028 mirando

527 4306 722 4451 fl
