2780 4480
188 177 268 236 *120
635 176 846 231 GONSPEGTVS

205 351 239 414 de
253 352 371 430 funere,
395 348 523 412 Phileros
537 349 569 410 de
583 360 697 412 mortuo
714 353 827 431 eiusque
842 349 945 427 fratre,
963 348 1137 430 Ganymedes
1154 351 1187 412 de
1203 353 1281 431 fame

205 455 290 516 quam
305 437 390 515 fraus
404 433 541 496 aedilium
556 445 581 496 et
596 433 745 503 hominum
760 438 889 515 impietas
903 439 1033 507 moverit,
1051 434 1164 496 Echion
1187 437 1220 498 de
1235 437 1279 498 lu-

206 521 248 582 dis
260 521 386 583 coloniae
397 519 597 600 etpetitorihus
608 519 1079 582 aedilitatisetlitterarumhonore
1090 523 1191 600 suique
1196 527 1280 602 pueri

206 607 378 668 educatione.
405 605 530 667 47-52
542 604 615 666 redit
631 603 809 677 Trimalchio,
824 623 903 667 mem
919 604 1008 666 occidi
1017 609 1169 684 statimque
1180 611 1282 685 parari

205 695 237 753 in
252 709 350 754 cenam
365 690 449 759 iuhet,
464 693 515 770 pui
528 698 620 751 coctus
636 707 731 753 coram
746 693 873 751 convivis
888 692 1078 760 eainteratur,
1104 691 1283 752 sermonibus

207 778 324 855 attinpit
344 775 522 847 medicinam,
533 773 713 846 rhetoricam,
728 773 871 846 historias,
887 779 996 836 artium
1007 778 1212 854 sipnorumqne
1222 786 1282 838 stu·

206 861 263 922 dia.
297 861 420 922 52-*54
437 858 513 920 ehrio
532 864 688 939 prouimus
708 859 851 922 cordacem
873 859 978 921 saltare
994 863 1096 938 coepit,
1120 865 1284 922 actuarium

206 946 289 1008 audit
303 955 366 1007 acta
378 943 495 1025 praedii
515 948 563 1005 sui
579 948 761 1016 recitantem,
780 947 1002 1024 petauristarios
1016 955 1144 1024 spectans
1161 963 1284 1025 upuero

205 1048 291 1110 super
306 1029 407 1092 lectum
423 1034 483 1090 eius
505 1027 618 1109 delapso
641 1029 773 1091 laeditur.
806 1033 845 1092 55
863 1031 903 1092 56
927 1032 1132 1110 epiprcmmate
1156 1032 1187 1091 in
1209 1029 1285 1090 hunc

205 1133 303 1176 casum
316 1115 393 1193 sacto
417 1114 449 1174 de
459 1117 553 1194 poetis
569 1114 679 1176 locutus
694 1124 840 1193 comparat
862 1117 939 1175 inter
953 1132 981 1176 se
999 1113 1165 1176 Ciceronem
1185 1124 1212 1174 et
1228 1113 1284 1194 Sp-

205 1217 288 1270 rum,
309 1198 418 1260 litteras
433 1207 460 1259 et
475 1199 615 1278 artificia,
639 1198 720 1260 hoves
743 1208 769 1260 ct
784 1217 863 1270 oces,
884 1199 970 1262 donec
989 1198 1162 1279 apophoreta
1185 1199 1285 1260 distri-

206 1284 343 1345 huuntur.
376 1285 414 1345 57
433 1283 472 1346 58
486 1283 645 1344 ridmtihas
661 1301 694 1344 ea
705 1282 816 1362 Ascylto
833 1295 859 1345 et
877 1282 976 1344 Gitoni
990 1282 1143 1344 Hermeros
1158 1281 1286 1345 Trimal-

207 1368 314 1430 chionis
335 1367 498 1430 collibertus
520 1371 625 1446 imperit
647 1371 786 1429 convicia.
829 1370 868 1430 59
899 1371 939 1431 60
968 1372 1079 1430 intrant
1104 1366 1285 1430 Homeristae

207 1473 222 1515 e
243 1453 345 1534 quihus
359 1453 437 1515 hicn
458 1451 582 1514 ortulum
605 1453 715 1516 eliaam
736 1453 847 1525 scindit,
863 1453 970 1514 dantur
984 1451 1130 1514 alabastra
1144 1465 1171 1514 et
1188 1471 1284 1533 poma,

206 1539 251 1601 dis
266 1536 358 1600 honor
371 1537 499 1600 hahetur.
530 1539 654 1602 61-63
667 1537 784 1616 fabulas
798 1550 923 1599 enarrant
935 1535 1054 1599 Niceros
1069 1537 1101 1598 de
1112 1536 1205 1600 milite
1219 1557 1285 1600 mu·

207 1632 267 1686 tato
290 1627 322 1686 in
344 1623 446 1703 lupum
468 1634 493 1684 et
512 1621 683 1685 Trimalchio
707 1623 739 1684 de
760 1622 896 1702 stripihus
917 1632 1046 1704 tactuque
1061 1621 1154 1683 malae
1168 1641 1283 1684 manus.

207 1711 247 1771 64
268 1707 439 1771 Trimalchio
456 1709 572 1787 henipne
593 1709 665 1788 facit
687 1711 793 1780 amico,
817 1707 923 1769 deliciis
938 1711 1013 1778 suis,
1037 1711 1104 1768 cani
1122 1707 1285 1780 domestico,

206 1797 303 1856 servis.
343 1794 468 1856 65-67
488 1803 552 1872 post
574 1802 695 1854 matteas
717 1797 886 1862 comissator
909 1792 1023 1853 advenit
1044 1790 1197 1854 Habinnas
1219 1811 1284 1854 cum

152 1931 156 1941 .
206 1893 300 1938 uocare
322 1895 375 1938 saa
398 1876 544 1947 Scintilla,
566 1887 671 1938 namot
693 1879 741 1937 cui
761 1878 936 1956 interfuerat
957 1895 1071 1948 cenam
1094 1881 1230 1958 impetrat
1252 1887 1286 1938 ut

206 1960 368 2023 Fortunata
389 1978 469 2022 umor
494 1959 712 2022 Trimalchionis
733 1961 877 2023 recumhat
907 1979 1024 2042 eamque
1051 1962 1083 2022 dc
1105 1965 1286 2026 ornamentis

206 2049 266 2108 suis
282 2045 449 2108 collocutum
465 2063 529 2106 cum
542 2044 676 2128 Scintilla
690 2050 820 2108 immittit
835 2046 913 2108 lecto.
940 2048 1061 2109 68-71
1079 2047 1217 2107 secundae
1228 2047 1286 2108 od-

206 2132 347 2210 feruntur
358 2147 479 2200 mensae,
496 2128 649 2191 Habinnae
660 2148 735 2211 puer
751 2131 833 2192 ludos
849 2132 930 2210 facit,
942 2140 1008 2211 post
1023 2132 1212 2212 epidipnidem
1227 2149 1285 2192 uu·

206 2225 317 2296 puntur
332 2219 467 2278 convivae
488 2219 616 2296 seroipue
638 2216 832 2278 admittuntur
854 2220 886 2276 in
908 2215 1085 2287 triclinium,
1112 2214 1285 2278 Trimalchio

210 2311 408 2364 testamentum
419 2319 504 2362 suum
516 2306 640 2364 recitans
649 2301 781 2380 familiae
793 2305 913 2372 concitat
925 2301 1168 2362 lamentationem.
1200 2303 1285 2362 72-

214 2388 260 2465 ’14Ι
270 2391 302 2448 in
318 2386 416 2448 holneo
436 2385 653 2448 Trimalchionis
675 2386 799 2448 discussa
821 2386 954 2448 ebrietate
975 2383 1104 2466 reficitur
1119 2389 1285 2448 concinium

209 2475 241 2533 in
257 2471 316 2533 alio
331 2470 466 2533 triclinio.
497 2472 623 2534 tao-78
645 2474 762 2534 mantus
782 2469 952 2532 Trimalchio
976 2489 1039 2531 cum
1061 2486 1155 2531 umore
1177 2471 1287 2532 suade

207 2559 267 2618 oita
279 2557 360 2618 dorm
375 2555 512 2635 felicitate
526 2575 573 2636 spe
587 2575 641 2617 sua
656 2558 784 2628 disserit,
807 2556 925 2636 denc'que
947 2558 1103 2617 cornicims
1125 2554 1182 2616 sihi
1194 2557 1284 2635 sune-

208 2641 270 2702 hres
291 2641 389 2703 modos
411 2643 538 2701 incinere
552 2640 644 2712 iuhct,
667 2659 724 2720 pao
744 2660 775 2701 re
798 2641 925 2702 tumultu
946 2641 1024 2719 facto
1040 2639 1197 2719 Encolpius
1219 2659 1286 2702 cum

127 2743 131 2750 ’
206 2723 318 2803 hscplta
333 2734 359 2786 et
375 2722 475 2786 Gitone
489 2725 598 2805 effupit.

294 2810 333 2872 79
351 2810 390 2872 80
414 2809 530 2870 domum
551 2811 646 2870 redua
660 2809 816 2890 Encolpius
839 2811 906 2872 dum
927 2819 1014 2871 noctu
1030 2811 1136 2871 dormit
1151 2827 1216 2871 cum
1234 2808 1285 2871 Gi-

209 2903 288 2966 tone,
303 2892 472 2956 subducitur
483 2913 557 2974 puer
572 2894 606 2956 ah
622 2892 751 2974 Ascplto,
773 2899 868 2976 itaque
882 2898 1047 2956 communia
1062 2899 1160 2956 omnia
1174 2895 1286 2957 sodales

208 2979 365 3042 dissolvunt
381 2989 406 3041 et
424 2978 510 3042 Giton
525 2978 658 3060 Ascplton
674 2979 751 3060 elipit
773 2998 854 3061 quem
871 2989 1014 3060 sequatur.
1044 2981 1082 3043 81
1102 2979 1142 3042 82
1157 2979 1287 3042 desertus

208 3065 365 3148 Encolpius
378 3077 487 3128 maeret
501 3069 533 3126 in
547 3065 709 3136 solitudine,
726 3065 823 3126 deinde
834 3066 969 3146 efferatus
980 3064 1092 3127 caedem
1104 3067 1219 3125 inimici
1232 3083 1283 3124 co-

207 3155 280 3233 pitat
297 3152 345 3212 sed
359 3151 472 3212 delusus
486 3170 505 3212 a
519 3150 610 3212 milite
625 3169 709 3212 arma
720 3154 814 3230 ponit.
845 3151 885 3213 83
903 3151 944 3213 84
959 3153 991 3210 in
1012 3148 1196 3230 pinacothcca
1218 3167 1285 3211 cum

205 3239 298 3318 pictos
320 3247 450 3298 amantes
472 3235 679 3305 consideraret,
702 3235 805 3296 accedit
827 3234 864 3296 ad
885 3252 951 3296 eum
965 3233 1123 3315 Eremolpm
1133 3241 1220 3314 poeta
1234 3237 1287 3315 pai

205 3329 407 3402 paupertatem
428 3339 513 3382 cuam
540 3338 640 3383 amare
668 3319 833 3382 litterarum
854 3319 990 3381 vindicat.
1028 3319 1151 3384 85-87
1179 3328 1286 3382 narrat

206 3404 365 3485 Eumolpus
388 3423 442 3484 pua
464 3406 548 3468 mado
572 3405 707 3484 Perpami
727 3403 827 3484 epheha
849 3408 919 3466 sotis
939 3406 1039 3484 fecerit
1060 3405 1190 3483 formoso
1215 3403 1287 3485 fidei

207 3507 277 3552 suae
290 3490 436 3552 rotundato.
468 3491 593 3554 88-90
606 3492 755 3571 quaeritur
770 3507 823 3550 eur
830 3493 946 3570 pictura
958 3499 1085 3570 artesque
1096 3498 1202 3550 ceterae
1215 3507 1286 3569 per-

207 3579 315 3651 ierint,
342 3577 481 3656 pecuniae
502 3575 720 3656 reprehenditur
747 3576 903 3654 cupiditas,
933 3574 1060 3638 tahttlam
1086 3592 1157 3654 puae
1182 3571 1287 3636 Troiae

208 3659 322 3722 halosin
338 3661 459 3722 ostendit
475 3663 583 3738 trapho
598 3659 758 3740 Hormolpus
770 3664 897 3722 carmine
911 3660 1057 3740 saphanat,
1073 3658 1202 3739 lapidum
1217 3662 1288 3720 icti—

212 3743 263 3806 hus
275 3748 432 3826 prosupcre
447 3750 589 3826 eporticu
612 3748 732 3825 capitur.
763 3745 861 3808 9192
884 3749 917 3806 in
940 3744 1037 3806 halma
1060 3753 1205 3823 repertum
1221 3743 1288 3805 lin-

209 3829 319 3910 ealpins
337 3830 441 3894 Gitona
457 3835 490 3893 in
504 3829 660 3912 hospitium
679 3849 765 3894 suum
776 3832 922 3912 perducit,
945 3845 1082 3908 quaerens
1098 3826 1203 3890 Gitona
1218 3845 1288 3890 cnm

157 3982 158 3985 Ἴ
212 3917 388 3978 aestimantis
402 3914 530 3995 hscpltos
545 3918 655 3977 incenit
669 3923 835 3978 amatorem.
866 3914 906 3977 93
923 3913 964 3975 94
986 3929 1085 3974 cerem
1099 3930 1219 3976 rursum
1234 3915 1288 3993 fa·

457 4064 1118 4448 4η

1363 90 1380 280 l

1364 304 1374 385 l
