2780 4480
708 161 854 218 mumma

346 417 411 480 lloc
424 426 584 498 sceptrum,
601 417 680 496 quod
695 420 731 481 ab
746 419 852 482 arbore
866 429 901 482 ut
914 421 1041 485 recisum
1057 434 1111 499 est,

347 503 426 566 nulla
441 503 499 564 iam
513 503 623 582 poterit
636 503 732 565 virere
746 505 867 581 froude3

347 595 508 668 sceptrum,
524 589 603 666 quod
618 587 753 668 patbicae
768 599 875 669 petunt
888 592 1013 670 puellae,

345 673 425 752 quod
440 673 558 751 quidam
573 673 698 752 cupiunt
712 682 816 736 tencre
831 693 926 753 reges,

284 768 299 817 t
342 757 391 819 cui
405 758 477 818 dant
490 758 592 820 oscula
608 758 723 820 nobiles
738 759 861 832 cinaedi,

343 843 420 904 intra
435 841 547 904 viscera
560 842 634 905 furis
647 841 702 902 ibit
715 861 811 921 usque

343 927 379 987 ad
394 925 506 1007 pubem
520 927 718 1008 capulumque
733 928 894 990 coleorum.

342 1163 434 1223 Porro
450 1197 492 1208 -
506 1180 575 1224 nam
591 1162 657 1241 quis
672 1163 728 1224 erit
743 1163 870 1226 modus?
885 1197 927 1210 -
943 1162 1083 1238 Quirites,

340 1256 391 1308 aut
406 1246 565 1326 praecidite
580 1247 720 1308 seminale
735 1249 912 1326 membrum,

340 1332 420 1410 quod
434 1332 504 1394 totis
518 1331 590 1394 mibi
605 1331 745 1394 noctibus
759 1334 882 1414 latigant

279 1451 282 1456 -
320 1415 324 1420 ’
339 1415 452 1478 vicinae
466 1417 532 1478 sine
547 1417 606 1478 tine
621 1417 791 1498 prurientes

337 1501 436 1563 vernis
450 1501 619 1582 passeribus
633 1500 798 1578 salomones,

338 1595 389 1648 aut
403 1605 525 1668 rumpar
539 1605 596 1649 nec
610 1586 756 1650 babebitis
771 1588 919 1669 Priapum.

337 1672 395 1753 ipsi
410 1673 540 1748 cernitis,
557 1672 699 1733 ellututus
715 1680 747 1735 ut
760 1673 816 1734 sim

337 1758 552 1836 contectusque
567 1775 724 1834 macerque
739 1757 933 1836 palliumque,

337 1841 388 1919 qui
404 1843 554 1920 quondam
569 1839 660 1900 ruber
676 1850 705 1902 et
719 1841 819 1902 valens
834 1841 964 1904 solebam

336 1925 418 1986 iures
433 1927 556 1988 caedere
571 1925 732 2004 quamlibet
746 1925 884 1988 valentes.
969 1921 979 1946 '

335 2009 444 2071 defecit
454 2010 530 2072 latus
546 2019 576 2070 ot
589 2009 785 2089 periculosam

336 2112 403 2155 cum
418 2095 492 2156 tussi
506 2094 595 2156 miser
611 2112 708 2173 expuo
724 2093 851 2156 salivam.

334 2332 461 2395 Deliciae
476 2333 589 2413 populi,
604 2350 713 2411 magno
729 2333 880 2394 notissima
895 2331 974 2392 circo

380 2417 510 2494 Quintia,
526 2417 652 2480 vibratas
667 2419 753 2479 docta
767 2436 885 2480 movere
900 2424 993 2491 nates,

333 2501 467 2582 cymbala
481 2520 548 2563 cum
564 2502 691 2582 crotalis,
706 2502 870 2584 pruriginis
881 2520 971 2574 arma,
986 2499 1093 2580 Priapo

377 2586 464 2665 ponit
478 2595 508 2648 et
522 2585 644 2647 adducta
660 2595 800 2666 tympana
814 2587 899 2667 pulsa
912 2605 1017 2648 manu:

331 2687 387 2748 pro
402 2669 520 2748 quibus,
534 2680 569 2730 ut
583 2688 701 2749 semper
715 2670 831 2750 placeat
844 2671 1057 2750 spectantibus,
1073 2678 1146 2744 orat,

377 2762 518 2834 tentaque
533 2754 570 2814 ad
584 2754 751 2834 exemplum
765 2755 804 2816 sit
818 2774 870 2818 sua
881 2755 968 2818 turba
983 2755 1038 2818 dei.

701 2905 819 2969 XXVlll

329 3007 384 3084 Tu,
401 3007 451 3088 qui
467 3026 528 3070 non
544 3008 622 3070 bene
637 3010 749 3091 cogitas
764 3019 793 3072 et
807 3029 894 3092 aegre

329 3094 479 3174 carpendo
496 3093 549 3155 tibi
565 3102 713 3174 temperas
727 3096 763 3157 ab
779 3098 875 3171 horto,

328 3179 504 3259 pedicabere
518 3179 632 3241 fascino
646 3180 752 3259 pedali.

329 3263 409 3342 quod
424 3264 448 3325 si
463 3272 523 3324 tam
538 3264 633 3342 gravis
648 3272 678 3324 et
691 3263 815 3326 molesta
829 3280 926 3343 poena

328 3366 391 3408 non
406 3347 576 3426 profecerit,
591 3347 696 3410 altiora
709 3356 836 3427 tangam.

689 3499 822 3562 XXVllll

326 3597 481 3675 Obscenis,
496 3619 625 3680 peream,
641 3602 757 3682 Priape,
772 3602 797 3664 si
812 3620 874 3663 non

325 3685 368 3747 uti
384 3703 431 3748 me
446 3685 538 3776 pudet
552 3686 754 3768 improbisque
768 3686 874 3749 verbis.

219 3793 422 3808 -Qn—

300 3833 371 3886 XXV
392 3838 404 3888 l
423 3834 513 3887 arbore
531 3838 571 3887 est
588 3835 722 3904 recisuml
739 3835 819 3888 XXVl
836 3839 851 3889 9
870 3833 986 3896 sortasse
1006 3836 1033 3885 et
1049 3833 1157 3902 ripensll
1175 3833 1286 3888 llllVllll

216 3901 231 3951 2
250 3899 375 3965 improbis
392 3901 532 3967 probisque
553 3901 594 3951 ool
610 3903 763 3970 probrisque

430 4070 1084 4426 Art
