2780 4480
579 183 719 238 suuntur:
1145 185 1184 247 85

198 359 257 419 iam
271 356 505 438 peragebantur;
520 357 545 420 si
560 358 627 436 quis
640 359 724 422 sinus
738 359 854 421 abditus
868 360 953 431 ultra,

198 444 224 505 si
239 461 296 522 qua
312 444 389 503 foret
404 443 499 518 tellus,
514 461 590 522 quae
605 443 717 505 fulvum
732 444 861 506 mitteret
875 463 989 520 aurum,
1129 457 1144 506 5

198 529 292 590 hostis
306 536 378 602 erat,
393 528 519 607 latisque
534 528 565 588 in
582 529 676 590 tristia
691 529 767 590 bella
782 531 891 609 paratis

199 613 422 692 quaerebantur
437 631 518 693 opes.
556 632 617 674 non
632 614 720 693 vulgo
736 625 807 675 nota
822 615 978 694 placebant

200 698 316 778 gaudia,
332 717 394 759 non
410 717 467 760 usn
482 698 599 778 plebeio
615 699 683 760 trita
699 700 841 779 voluptas.

198 802 250 845 aes
264 783 481 864 Ephyreiacum
497 783 634 846 laudabat
648 785 733 846 miles
748 785 779 845 in
795 786 890 862 unda;

201 869 351 948 quaesitus
365 868 471 930 tellure
487 869 568 930 nitor
582 877 743 931 certaverat
757 879 854 946 ostro;
1116 882 1144 934 to

198 954 270 1014 binc
285 953 428 1014 Numidae
442 963 592 1029 accusant,
607 955 689 1016 illinc
703 973 780 1016 nova
793 955 900 1017 vellera
916 956 1012 1031 Seres,

200 1047 289 1117 atque
304 1038 435 1100 Arabum
449 1040 578 1119 poprdus
593 1058 646 1100 sua
660 1041 871 1119 despoliaverat
885 1059 962 1103 arva.

200 1141 269 1184 ecce
283 1123 357 1185 aliae
371 1124 468 1186 eudes
485 1131 515 1185 et
528 1125 623 1186 laesae
638 1125 759 1186 vulnera
773 1126 863 1206 pacis.

201 1209 355 1288 quaeritur
368 1209 399 1270 in
415 1209 493 1271 silvis
508 1227 580 1270 auro
595 1211 666 1286 fera,
683 1217 713 1271 et
728 1212 847 1273 ultimus
861 1211 1007 1273 Hammon

199 1295 340 1356 Afrorum
356 1295 513 1368 excutitur,
531 1314 568 1356 ne
583 1296 657 1358 desit
672 1295 759 1357 belua
774 1297 863 1358 dente
1116 1309 1144 1359 15

201 1380 237 1440 ad
251 1387 363 1441 mortes
377 1380 520 1460 protiosa3
536 1382 627 1442 fames
641 1381 750 1461 premit
765 1383 875 1443 advena
890 1383 1006 1458 classes,

200 1464 284 1545 tigris
299 1473 328 1525 et
343 1474 444 1526 aurata
459 1465 598 1544 gradiens
615 1473 744 1548 vectatur
758 1468 789 1528 in
805 1468 880 1541 aula,

202 1559 235 1612 ut
250 1548 332 1610 bibat
346 1551 509 1612 humanum
523 1551 635 1630 populo
650 1551 808 1631 plaudente
824 1570 970 1612 cruorem.

199 1636 268 1708 hen,
284 1636 378 1714 pudet
392 1636 476 1697 ellari
490 1636 683 1716 perituraque
697 1637 825 1716 prodere
840 1638 907 1712 lata,

199 1720 359 1782 Persarum
373 1721 433 1782 ritu
447 1721 524 1782 male
538 1721 771 1801 pubescentibus
786 1722 873 1783 annis

199 1805 372 1886 surripuere
387 1806 465 1867 viros
479 1814 655 1885 exsectaque
670 1807 782 1868 viscera
797 1808 877 1868 ferro

199 1891 231 1951 in
246 1908 385 1952 venerem
400 1892 526 1970 fregere,
542 1899 630 1972 atque
645 1900 680 1951 ut
692 1894 762 1972 luga
777 1892 885 1954 nobilis
899 1893 961 1953 aeri

201 1973 424 2057 circumscripta
437 1995 521 2038 mora
536 1985 733 2058 properantes
747 1978 863 2039 differat
875 1996 980 2051 annos,

201 2061 316 2140 quaerit
330 2081 361 2122 se
378 2072 483 2122 natura
499 2080 556 2123 nec
570 2063 692 2123 invenit.
723 2063 862 2124 omnibns
876 2081 947 2144 ergo

200 2153 300 2207 scorta
313 2147 434 2227 placent
447 2148 592 2227 fractique
607 2149 708 2208 enervi
723 2166 849 2228 corpore
865 2167 984 2227 gressus
1115 2156 1144 2207 25

200 2239 230 2293 et
244 2231 300 2292 laxi
316 2233 413 2293 crines
428 2242 459 2293 et
472 2241 517 2293 tot
532 2250 606 2294 nova
621 2233 743 2295 nomina
757 2234 853 2308 vestis,

200 2334 335 2396 quaeque
349 2316 445 2378 vimm
461 2325 618 2396 quaerunt.
648 2335 718 2378 ecce
733 2319 811 2379 diris
829 2326 912 2379 eruta
926 2318 1014 2379 terris

199 2401 322 2482 ponitur
337 2421 370 2463 ac
385 2403 507 2464 maculis
521 2402 653 2463 imitatur
667 2403 752 2465 vilius
766 2421 872 2464 aurum
1114 2411 1143 2462 to

200 2487 292 2548 citrea
307 2505 409 2549 mensa
424 2506 529 2568 greges
543 2506 697 2550 serrorum
713 2499 886 2569 ostrumque
900 2489 1049 2564 renidens,
1114 2497 1143 2549 18

201 2590 276 2651 quae
288 2574 524 2634 sensumtrahat.
554 2575 611 2636 hoc
622 2575 722 2636 sterile
737 2593 771 2636 ao
782 2575 857 2636 male
869 2575 969 2636 nobile
979 2574 1094 2652 lignum
1114 2582 1144 2634 tt

198 2657 287 2718 turba
300 2659 415 2738 sepulta
431 2678 514 2721 mero
530 2660 645 2723 circum
658 2661 747 2733 venit,
764 2661 922 2738 omniaque
940 2659 1021 2721 orbis

199 2743 330 2822 praemia
345 2745 494 2824 corruptis
508 2747 593 2808 miles
606 2763 697 2824 vagus
712 2746 805 2807 esurit
819 2745 917 2808 armis.

200 2827 355 2906 ingeniosa
370 2830 439 2909 gula
454 2839 508 2892 est.
545 2830 645 2891 Siculo
661 2848 763 2892 scarus
778 2848 908 2910 aequore
922 2847 1038 2892 mersus

199 2913 235 2972 ad
250 2930 384 2976 mensam
398 2915 479 2977 vivus
494 2914 675 2994 perducitur,
691 2923 779 2994 atque
794 2915 932 2976 Lucrinis

199 3006 285 3058 eruta
298 2998 436 3062 litoribus
451 3001 583 3061 vendunt
598 3000 753 3080 conchylia
769 3017 867 3073 cenas,
1114 3005 1143 3055 35

198 3090 233 3143 ut
246 3094 393 3145 renovent
407 3104 461 3164 per
475 3086 581 3146 damna
596 3086 714 3145 lamam.
750 3085 807 3145 iam
823 3084 964 3146 Phasidos
978 3081 1058 3143 unda

199 3168 299 3229 orbata
315 3178 359 3231 est
374 3169 483 3246 aribus,
498 3177 640 3249 mutoque
656 3170 686 3231 in
702 3170 789 3231 litore
803 3178 917 3230 tantum

198 3253 279 3314 solae
294 3255 417 3317 desertis
431 3256 583 3337 adspirant
596 3255 752 3317 frondibus
767 3273 865 3316 aurae.

198 3355 256 3399 nec
270 3339 370 3401 minor
383 3341 414 3402 in
430 3359 535 3420 campo
549 3342 633 3401 luror
648 3349 702 3415 est,
717 3340 868 3419 emptique
883 3339 1013 3411 Quirites

197 3424 234 3483 ad
249 3426 389 3503 praedam
403 3427 620 3508 strepitumque
634 3427 709 3487 lucri
724 3426 863 3506 suffragia
877 3433 1006 3487 vertunt
1114 3432 1143 3483 4ο

197 3509 311 3572 venalis
326 3512 464 3592 populus,
479 3511 591 3574 venalis
605 3512 687 3572 curia
701 3519 829 3592 patrum,

197 3681 213 3730 9
232 3693 370 3746 epyrecum
383 3678 394 3746 11
408 3681 436 3732 11
452 3677 647 3730 accusatins'O:
663 3677 788 3731 Numidae
801 3681 901 3731 emotas
914 3677 1036 3743 Scaliger
1047 3675 1058 3742 11
1072 3678 1103 3728 14
1117 3675 1185 3728 circo

112 3745 142 3798 Η.
162 3745 314 3812 Stephanae
327 3745 337 3814 11
350 3750 380 3800 ll
400 3751 485 3799 aerata
502 3746 705 3799 Brauoklmius
717 3747 727 3813 11
746 3749 777 3799 ld
795 3746 862 3798 lacta
879 3746 1052 3798 Burmannus
1064 3744 1074 3810 11
1091 3745 1123 3810 21
1142 3758 1187 3796 ex·

113 3817 221 3881 actaque
246 3813 347 3883 01122
370 3814 474 3867 mobilis
497 3815 583 3866 coclear
604 3813 781 3866 Monacensis.
814 3818 881 3881 puto
907 3813 1022 3879 nubilis}
1044 3827 1108 3865 aero
1133 3812 1153 3864 0

113 3881 145 3934 to
161 3881 280 3952 vilibusll
293 3885 327 3937 18
345 3897 421 3936 aurea
435 3883 490 3952 130
509 3883 610 3936 trahant
622 3889 632 3945 1
644 3885 676 3936 31
690 3882 814 3950 correptis
829 3882 833 3950 1
849 3883 943 3935 extruit
954 3881 1079 3934 nonnulla·
1097 3899 1131 3934 ea
1145 3880 1165 3932 0

114 3951 143 4001 31
163 3955 267 4004 cantum
284 3951 435 4004 Palmae-im

1144 4186 1146 4189 ι
1154 4153 1216 4181 ...ᾖ
