2772 4476
117 1459 120 1464 '
198 1455 310 1518 Tacitus
320 1456 475 1520 concitum
486 1453 621 1520 xu117:
632 1476 711 1520 cauo
726 1455 888 1519 diocletiono
899 1453 943 1520 66
954 1459 1060 1520 eodem
1071 1460 1188 1540 agmine

113 1543 255 1605 Annaeus
266 1541 351 1616 blela,
364 1542 484 1605 Cerialis
495 1543 626 1618 Anicius,
638 1542 742 1615 Rullus
755 1542 908 1623 Crispinus
919 1562 954 1604 ao
965 1544 1123 1608 Petronius
1137 1565 1187 1607 ce·

114 1627 224 1691 cidere.
253 1635 316 1689 tum
330 1631 363 1689 ia
378 1631 469 1708 capite
484 1624 543 1692 18.-
561 1629 597 1689 de
613 1627 644 1689 G.
660 1629 800 1690 Petronio
815 1645 908 1708 pauca
922 1647 1012 1708 supra
1026 1631 1187 1711 repetenda

112 1723 193 1776 sunt.
208 1713 331 1775 camilli
345 1713 408 1775 dies
420 1731 474 1793 per
486 1731 633 1788 somnum,
651 1733 710 1775 nox
721 1713 827 1776 olllciis
838 1723 868 1774 et
879 1713 1103 1777 oblectamentis
1112 1715 1187 1778 vitae

111 1798 347 1879 transigebatur;
367 1809 460 1880 utque
482 1799 554 1861 alios
569 1798 727 1874 industria,
749 1800 788 1861 ita
803 1799 885 1861 hunc
899 1799 1013 1878 ignavia
1028 1797 1065 1861 ad
1079 1801 1186 1862 lamam

110 1885 291 1964 protulerat,
315 1885 540 1965 habebaturque
561 1904 621 1946 non
643 1902 738 1964 ganeo
762 1893 792 1946 et
805 1885 979 1966 profligator
999 1895 1033 1946 ut
1050 1885 1186 1965 plerique

108 1989 164 2032 sua
179 1970 386 2046 haurientium,
401 1972 453 2034 sed
469 1971 586 2032 erudito
602 1971 683 2031 luxu.
713 1988 747 2031 ac
758 1971 835 2032 dicta
850 1972 986 2050 laetaque
999 1971 1063 2032 eius
1073 1980 1185 2050 quanto

110 2056 254 2119 solutiora
268 2065 297 2118 et
311 2056 460 2136 quandam
474 2057 521 2118 sui
533 2055 751 2135 neglegentiam
762 2056 969 2136 praeferentia,
979 2063 1062 2117 tanto
1073 2056 1186 2136 gratius

110 2141 289 2221 inspeciem
311 2142 504 2222 simplicitatis
525 2140 755 2221 accipiebantur.
792 2140 955 2221 proconsul
969 2149 1068 2202 umen
1084 2141 1185 2221 Bithy-

111 2227 180 2289 niae
195 2235 225 2288 et
238 2245 307 2288 mox
319 2227 424 2288 consul
435 2227 581 2307 vigentem
597 2245 629 2288 se
645 2245 678 2287 ac
690 2244 792 2306 parem
804 2227 931 2306 negotiis
946 2227 1086 2288 ostendit.
1115 2226 1184 2288 dein

109 2313 262 2374 revolutus
284 2312 319 2372 ad
340 2311 408 2372 vitia
427 2329 480 2373 seu
502 2312 641 2372 vitiorum
656 2311 818 2373 imitatione
839 2312 918 2373 inter
935 2327 1045 2390 paucos
1060 2311 1184 2372 familia-

109 2397 190 2458 rium
204 2398 316 2459 Neroni
332 2397 504 2476 adsumptus
519 2405 572 2472 est,
587 2397 751 2476 elegantiae
765 2396 891 2471 arbiter,
909 2397 981 2457 dum
996 2395 1070 2457 nibil
1084 2413 1184 2457 amoe-

110 2502 185 2544 num
206 2491 236 2544 et
250 2481 338 2543 molle
354 2482 503 2543 allluentia
517 2490 615 2562 putat,
638 2483 695 2544 nisi
715 2483 794 2562 quod
816 2483 843 2543 ei
857 2481 1016 2543 Petronius
1036 2480 1184 2561 approba·

108 2569 207 2630 visset.
237 2567 316 2629 unde
327 2567 436 2629 invidia
449 2566 585 2648 Tigellini
601 2568 685 2647 quasi
700 2567 839 2630 adversus
854 2567 1001 2629 aemulum
1017 2575 1047 2628 et
1059 2567 1184 2628 scientia

109 2654 293 2735 voluptatum
315 2654 472 2733 potiorem.
503 2671 574 2733 ergo
593 2652 797 2714 crudelitatem
819 2652 976 2733 principis,
997 2653 1045 2713 cui
1066 2660 1184 2713 ceterae

107 2738 248 2802 libidines
264 2738 416 2812 cedebant,
432 2738 602 2819 aggreditur
617 2738 773 2800 andsitiam
786 2738 919 2799 Scaevini
930 2737 1070 2798 Petronio
1081 2736 1183 2798 obiec-

106 2836 176 2887 tans
188 2833 329 2903 corrupto
342 2825 377 2884 ad
390 2823 532 2885 indicium
544 2841 628 2885 servo
641 2824 835 2902 ademptaque
847 2823 1021 2884 defensione
1031 2831 1061 2882 et
1071 2823 1182 2884 maiore

106 2919 193 2993 parte
208 2909 333 2971 lamiliae
353 2910 383 2970 in
400 2909 496 2970 vincla
517 2903 610 2988 rapta.¹
641 2909 717 2969 forte
734 2908 791 2970 illis
805 2907 910 2970 diebus
925 2908 1114 2987 Campaniam
1129 2926 1182 2988 pe-

107 2998 213 3058 tiverat
227 2994 341 3069 Caesar,
364 3004 393 3056 et
408 2995 514 3056 Cumas
528 3012 624 3073 usque
638 3011 816 3074 progressus
830 2993 987 3055 Petronius
1002 2993 1060 3054 illic
1075 2992 1182 3054 attine-

105 3082 205 3144 batur.
245 3099 300 3142 nec
322 3081 391 3142 tulit
410 3081 487 3141 ultra
506 3080 621 3141 timoris
646 3089 697 3141 aut
721 3079 785 3158 spei
809 3096 915 3140 moras.
958 3096 1056 3156 neque
1081 3085 1180 3138 tamen

104 3184 251 3248 praeceps
272 3166 361 3226 vitam
382 3165 495 3246 expulit
516 3165 567 3227 sed
590 3165 698 3227 incisas
712 3182 815 3238 venas,
838 3172 871 3224 ut
886 3162 1018 3237 libitum,
1040 3161 1181 3242 obligatas

106 3252 224 3332 aperire
239 3269 358 3313 rursum
373 3261 402 3312 et
417 3251 525 3330 alloqui
541 3251 666 3326 amicos,
688 3270 750 3310 non
767 3267 821 3328 per
835 3248 910 3310 seria
928 3256 978 3308 aut
994 3247 1101 3326 quibus
1116 3243 1181 3326 glo·

105 3338 182 3398 riam
193 3337 377 3398 constantiae
388 3345 512 3416 peteret.
543 3335 738 3413 audiebatque
750 3335 914 3395 relerentes
927 3332 1000 3393 nihil
1011 3333 1047 3394 de
1058 3333 1180 3393 immor-

105 3423 216 3484 talitate
231 3421 321 3482 animi
337 3430 367 3481 et
380 3422 558 3501 sapientium
573 3421 702 3501 placitis,
724 3419 776 3482 sed
791 3418 864 3480 levia
879 3418 1010 3479 carmina
1031 3426 1061 3478 et
1079 3416 1181 3479 laciles

104 3527 218 3569 versus.
256 3523 409 3567 servorum
430 3507 502 3568 alios
523 3506 695 3586 largitione,
719 3505 863 3584 quosdam
877 3502 1051 3564 verberibus
1071 3502 1179 3563 affecit.

105 3593 172 3654 iniit
186 3591 306 3672 epulae,
320 3608 426 3654 somno
441 3591 578 3666 indulsit,
596 3601 629 3654 ut
643 3607 812 3670 quanquam
829 3597 929 3650 coacta
944 3605 1025 3648 mors
1040 3587 1180 3648 fortuitae

104 3677 209 3740 similis
224 3685 310 3740 esset.
348 3695 386 3738 ne
409 3676 549 3739 codicillis
565 3677 699 3756 quidem,
722 3674 801 3755 quod
823 3674 958 3754 plerique
979 3672 1179 3752 pereuntium,

104 3763 256 3825 Neronem
271 3772 321 3824 aut
334 3761 513 3843 Tigellinum
527 3770 577 3822 aut
592 3780 681 3842 quem
696 3761 783 3821 alium
795 3759 962 3840 potentium
976 3758 1110 3819 adulatus
1124 3766 1179 3830 est,

105 3849 158 3909 sed
179 3848 286 3928 llagitia
309 3848 454 3928 principis
475 3847 529 3910 sub
550 3846 721 3909 nominibus
742 3845 925 3906 exoletorum
942 3843 1179 3921 feminarumque

105 3942 137 3994 et
158 3932 315 3996 novitatem
339 3934 482 4013 cariusque
503 3934 597 4012 stupri
619 3931 790 4012 perscripsit
811 3939 900 4008 atque
923 3928 1077 4009 obsignata
1099 3927 1178 3988 misit

939 4032 950 4080 1
959 4026 984 4061 t.
