2772 4476
563 221 702 276 Semnan

11 401 80 454 1110
107 449 113 462 ,
255 411 384 474 aequum
398 404 443 456 est
456 395 581 460 induere
597 401 721 473 nuptam
736 402 858 458 rentum
872 395 1012 469 textilem,

253 479 347 558 palam
363 489 498 560 prostare
513 479 623 540 nudam
638 480 668 542 in
685 479 793 542 nebula
806 477 926 542 lineal'’

56 573 84 622 H
183 561 190 645 l
209 564 290 642 quod
300 564 406 626 autem'
418 564 515 645 inquit
526 568 673 644 ‘putemus
684 564 847 627 secundum
857 565 957 628 literas
968 566 1172 631 difficillimum
1189 571 1230 634 56

99 667 164 712 esse
180 647 362 712 artificium?
391 669 445 730 ego
467 660 541 730 puto
555 649 702 712 medicum
718 659 747 711 et
762 651 1007 712 nummularium:
1030 653 1177 728 medicus,

60 753 82 802 5.
98 735 149 814 qui
164 734 221 796 seit
235 735 308 814 quid
316 735 533 797 homunciones
548 735 626 798 intra
640 735 812 815 praecordia
826 755 879 798 sua
890 736 1019 799 bebeant
1032 745 1063 799 et
1077 757 1179 817 quen-x

99 820 136 880 do
152 819 244 882 febris
258 820 371 895 veniat,
394 821 482 882 etiam
504 821 528 883 si
551 820 617 882 illus
639 821 687 882 odi
708 821 851 901 pessime,
874 822 954 900 quod
975 821 1047 884 mibi
1069 823 1177 888 iubent.

98 923 187 984 saepe
203 904 353 966 anatinam
369 907 481 986 parari3
504 905 735 982 nummularius,
758 907 808 985 qui
824 925 878 986 per
895 914 1051 985 argentum
1065 927 1115 972 aes
1129 908 1175 970 vi*

100 991 160 1052 det.
197 1009 265 1052 nam
286 1000 384 1051 mutae
405 991 515 1054 bestiae
537 991 783 1054 laboriosissimae
804 991 894 1054 boves
916 1003 946 1055 et
967 1011 1050 1056 oves:
1073 995 1176 1069 boves,

101 1093 228 1154 quorum
243 1075 391 1138 beneficio
404 1094 512 1156 panem
526 1077 756 1153 manducamus3
772 1096 851 1149 ores,
866 1077 946 1156 qrrod
957 1078 1025 1140 lana
1034 1079 1104 1142 illae
1116 1098 1175 1142 nos

45 1178 81 1228 ru
99 1160 245 1240 gbriosoe
266 1161 388 1222 iaciunt.
426 1171 455 1224 et
476 1161 592 1225 lacinus
618 1162 789 1240 indignum,
812 1163 917 1242 aliquis
939 1163 1053 1226 ovillam
1076 1172 1176 1228 estet

99 1246 230 1308 tunicam
245 1245 343 1307 habet.
373 1265 443 1327 apes
457 1247 538 1308 enim
553 1266 609 1328 ego
620 1247 733 1309 divinas
747 1247 854 1310 bestias
865 1257 948 1328 puto,
960 1265 1036 1327 quae
1050 1249 1109 1312 mel
1120 1265 1176 1311 ao·-

36 1342 82 1394 HL
99 1341 196 1406 munt,
212 1331 299 1392 etiam
318 1331 344 1393 si
365 1333 505 1396 dicuntur
518 1333 590 1394 illud
612 1333 712 1394 alove
726 1333 848 1410 afferre3
874 1331 878 1416 l
898 1335 965 1396 ideo
980 1343 1076 1396 autem
1093 1353 1178 1414 pum·

98 1424 183 1495 gunt,
199 1417 268 1496 quia
283 1416 455 1496 ubieunque
470 1418 555 1480 dulce
571 1425 625 1494 est,
639 1417 682 1480 ibi
696 1426 725 1480 et
739 1419 855 1480 acidum
870 1419 1022 1482 invenies'.

56 1513 82 1563 11
181 1499 262 1584 liam
278 1503 367 1564 etiam
387 1503 581 1583 philosophos
602 1503 639 1564 de
661 1504 781 1581 negotio
804 1504 956 1576 deiciebat
972 1522 1041 1566 eum
1054 1505 1177 1583 pittacia

47 1603 77 1652 ιι
98 1586 128 1648 in
144 1587 257 1668 scypho
272 1587 457 1650 circumferri
472 1596 651 1667 coeperunt,
674 1607 807 1668 puerque
822 1607 913 1668 super
926 1590 983 1650 hoc
998 1589 1175 1668 pesitus-of·

98 1671 199 1734 licium
220 1673 403 1752 apophoreta
425 1672 565 1734 recitavit.
603 1677 770 1752 ‘argentum
792 1673 993 1734 sceleratum’:
1022 1674 1107 1735 allate
1128 1682 1175 1736 est

98 1775 208 1837 perna,
231 1775 321 1837 super
343 1775 432 1837 quarn
447 1757 597 1820 acetabula
613 1766 698 1820 erant
711 1758 816 1838 posita.
847 1758 1003 1820 ‘cervical':
1027 1758 1095 1820 oilla
1109 1758 1175 1820 col·

98 1843 170 1904 laris
183 1842 269 1904 allata
283 1851 335 1904 est.
365 1843 516 1923 ‘serisapia
539 1851 568 1904 et
589 1843 792 1906 contumelia’:
816 1843 1011 1924 aecrophagie
1029 1843 1106 1905 caele
1121 1845 1172 1906 da·

99 1936 146 1989 tae
167 1937 239 1990 sunt
260 1936 289 1989 et
311 1937 418 1992 contus
440 1948 507 1990 cum
530 1929 616 1990 melo.
646 1929 737 2010 ‘porri
760 1937 790 1991 et
810 1929 950 2009 persiea’:
973 1928 1122 2007 flagellum
1143 1938 1178 1994 et

49 2031 79 2082 m
99 2013 230 2076 cultrum
247 2014 376 2093 accepim
401 2017 545 2094 ‘passeres
560 2023 589 2076 et
603 2013 810 2076 muscarium’:
832 2032 917 2076 nram
938 2031 1056 2094 passam
1070 2013 1173 2075 etmel
1224 2039 1229 2090 '.

100 2099 240 2160 Atticum.
270 2100 431 2161 ‘cenatoria
445 2109 474 2161 et
489 2099 645 2162 lorensia':
667 2100 765 2160 otham
788 2109 817 2161 et
832 2100 946 2161 tabulas
960 2099 1083 2179 accepit.
1112 2104 1172 2160 ‘ce-

101 2183 169 2246 nale
190 2192 220 2246 et
234 2183 362 2263 pedale’:
385 2185 470 2264 lepus
483 2194 522 2256 ,et
543 2185 623 2247 solea
646 2194 691 2246 est
712 2185 805 2247 allata.
841 2189 990 2247 ‘muraena
1013 2192 1043 2246 et
1064 2183 1179 2248 litera’a

100 2287 217 2332 murem
232 2287 300 2331 cum
315 2288 388 2330 rana
410 2269 524 2349 alligata
537 2263 715 2348 ‘fascemque
729 2271 814 2331 betae
829 2274 943 2348 occepit.
973 2269 1023 2330 diu
1038 2269 1172 2332 risimus:

100 2363 239 2424 sexcenta
250 2354 419 2416 huiusmodi
429 2355 560 2428 luerunt,
572 2373 647 2433 quae
657 2355 714 2416 iam
725 2353 899 2416 exciderunt
909 2353 1069 2417 memoriae
1080 2363 1173 2417 meae.

49 2448 80 2500 15
184 2448 318 2501 ceterum
333 2440 480 2519 Ascyltos,
495 2440 721 2519 intemperantis
736 2439 888 2512 licentiae,
904 2457 971 2500 eum
988 2439 1088 2500 omnia
1102 2439 1173 2502 suh‘¹
1191 2442 1232 2504 57

101 2524 169 2588 latis
186 2524 325 2588 manibus
347 2523 480 2587 eluderet
509 2534 539 2587 et
560 2543 655 2604 usque
677 2524 713 2586 ad
735 2525 872 2588 lacrimas
884 2524 1010 2598 rideret,
1039 2542 1117 2588 unus
1138 2543 1179 2588 ex.

101 2611 274 2674 conlibertis
295 2610 522 2673 Trimalchionis
542 2611 714 2684 excanduit,
734 2611 761 2672 is
781 2610 844 2690 ipse
866 2609 917 2690 qui
939 2627 1028 2690 supra
1050 2627 1097 2672 me
1112 2610 1178 2674 dis.

101 2695 273 2769 cumbebat‚
300 2703 329 2758 et
351 2696 431 2774 ‘quid
452 2696 539 2758 rides’
560 2696 658 2775 inquit
678 2693 815 2758 ‘vervexl
837 2714 875 2756 an
898 2695 950 2756 tihi
971 2713 1033 2756 nnn
1055 2695 1178 2774 placent

100 2781 230 2845 lautitiae
252 2781 364 2842 domini
385 2779 465 2842 mei‘l
492 2791 524 2842 tu
547 2781 627 2843 enim
652 2781 821 2844 beatiores
843 2788 872 2842 et
893 2780 1049 2842 convivare
1068 2781 1177 2844 melius

49 2875 79 2926 et
100 2865 188 2928 soles.
217 2866 256 2927 ita
270 2866 392 2929 tutelam
407 2867 496 2928 huius
509 2866 567 2928 loci
583 2865 708 2928 habeam
722 2865 889 2946 propitiam,
906 2875 940 2926 ut
954 2883 1010 2944 ege
1026 2865 1051 2926 si
1065 2884 1174 2930 secun·

102 2949 173 3012 dum
188 2949 269 3016 illum
284 2951 517 3025 discumberem,
532 2951 591 3012 iem
606 2951 647 3014 illi
662 2951 790 3012 balatum
806 2951 963 3014 duxissem.
994 2950 1104 3012 bellum
1118 2969 1175 3033 po·

101 3053 193 3110 mum,
209 3037 260 3115 qui
274 3037 405 3099 rideatur
419 3037 508 3114 alios;
519 3036 645 3115 larifuga
656 3036 757 3098 nescio
771 3037 846 3117 quis,
859 3044 1034 3108 nocturnus,
1049 3035 1100 3114 qui
1111 3054 1176 3098 nn·

101 3119 177 3184 valet
191 3121 294 3185 lotium
310 3141 407 3184 suum.
437 3123 473 3184 ad
487 3139 641 3196 summam,
657 3122 680 3183 si
693 3121 941 3185 circumminxero
954 3120 1045 3192 illum,
1061 3120 1176 3183 nesciet

102 3225 160 3286 qua
171 3207 272 3286 lugiet.
296 3226 356 3268 uon
370 3207 553 3270 mehercules
565 3207 647 3270 soleo
665 3208 724 3268 cito
735 3209 858 3279 terrere,
870 3205 963 3266 sedin
975 3205 1066 3268 molle
1083 3223 1176 3268 carne

50 3301 80 3354 11
98 3308 218 3354 vermes
238 3301 410 3354 naseuntur.
447 3293 533 3354 ridet.
568 3293 639 3372 quid
661 3291 766 3366 habet,
785 3291 866 3371 quod
887 3287 1002 3351 ridenti
1029 3289 1176 3370 numquid

100 3383 190 3460 puter
203 3375 296 3436 letum
311 3376 381 3437 emit
395 3376 515 3440 lamna?
536 3395 628 3456 eques
642 3377 794 3440 Romanus
809 3395 856 3440 es:
878 3385 908 3438 et
921 3393 976 3454 ego
993 3375 1072 3455 regis
1086 3376 1177 3438 filius.

102 3467 216 3541 “quare
242 3477 314 3537 erge
336 3462 477 3524 servivisti
485 3461 519 3524 ‘l'’
555 3464 623 3542 quia
645 3463 709 3543 ipse
730 3480 779 3524 me
805 3461 870 3524 dedi
892 3461 922 3522 in
952 3461 1122 3524 servitutem
1144 3467 1175 3522 et

100 3545 193 3610 malui
207 3544 278 3606 ciris
292 3543 446 3607 Romanus
464 3566 529 3608 esse
548 3564 636 3625 quam
657 3548 839 3610 tributarius.
870 3555 900 3608 et
920 3563 1002 3627 nunc
1023 3564 1116 3625 spero
1128 3561 1177 3608 me

102 3631 145 3696 sie
163 3630 276 3705 virere,
297 3639 332 3692 ut
355 3629 466 3691 nemini
480 3631 563 3694 iocus
577 3632 642 3694 sim.
671 3634 764 3696 bomo
776 3633 855 3696 inter
870 3632 1007 3693 homines
1021 3649 1102 3703 eum,
1127 3637 1175 3692 cte·

50 3727 79 3778 te
99 3717 161 3798 pite
175 3727 277 3796 aperto
294 3715 432 3794 ambulo;
447 3732 542 3778 assem
558 3717 704 3778 aerarium
719 3717 832 3779 nemini
846 3716 940 3778 debeo
949 3734 958 3792 ;
979 3715 1173 3778 constitutum

192 3921 222 3974 ts
241 3917 358 3980 sortasse
380 3915 553 3985 xerophagiae
575 3931 607 3970 ex
631 3915 685 3968 sale
703 3916 713 3984 l
729 3919 763 3970 23
779 3915 907 3982 elligclctn
927 3914 939 3983 Ι
956 3917 988 3968 nt
1006 3913 1179 3984 cecidernnll

106 3989 137 4038 ³1
159 3987 248 4040 balatu
265 3985 454 4039 interdixissem
472 3983 597 4038 Heinsius
610 3984 665 4054 1116
682 3985 776 4050 lemna]
795 3985 828 4038 ι1.
845 3984 903 4037 lena
919 3987 1130 4052 mpersmprnm
