2780 4480
683 177 836 232 Pcvnoml

356 351 549 429 sanguineam
564 351 689 412 tremula
704 349 854 431 quatiebat
871 350 1005 432 lampada
1019 350 1129 414 dextra.

356 436 429 498 baec
444 445 477 497 ut
492 436 593 516 Cocyti
607 436 746 498 tenebras
767 444 796 497 et
811 435 932 498 Tartara
947 437 1041 516 liquit,

356 522 412 583 alta
427 521 502 608 petit
515 521 653 600 gradiens
667 521 735 600 iuga
751 520 860 584 nobilis
880 522 1062 602 Appennini,

298 613 342 666 28⁰
355 607 436 669 unde
451 625 555 668 omnes
568 614 663 668 terras
677 616 766 685 atque
781 607 879 668 omnia
894 607 980 669 litora
994 617 1096 687 posset

358 693 491 772 aspicere
506 709 539 752 ac
554 699 617 753 toto
631 691 781 752 fluitantes
796 691 869 754 orbe
889 699 1028 768 catervas,

358 784 446 856 atque
462 778 516 838 has
532 777 661 857 erumpit
674 776 835 838 furibundo
851 787 972 857 pectore
987 796 1087 839 voces:

359 863 485 924 “sumite
500 881 582 924 nunc
599 869 702 942 gentes
717 861 851 924 accensis
865 863 1015 925 mentibus
1030 881 1121 937 arma,

358 947 464 1009 sumite
480 955 510 1008 et
523 948 555 1008 in
570 946 682 1008 medias
704 947 851 1008 immittite
865 947 1013 1028 lampadas
1027 947 1126 1009 urbes.

300 1039 344 1092 285
357 1032 501 1105 vincetur,
514 1032 686 1113 quicunque
700 1032 786 1110 latet3
810 1051 871 1096 non
886 1033 997 1094 lamina
1012 1041 1115 1108 cesset,

358 1137 420 1179 non
436 1137 512 1198 puer
526 1126 578 1179 aut
591 1136 662 1178 aevo
678 1117 735 1178 iam
751 1117 879 1180 desolata
894 1126 1049 1194 senectus;

357 1203 420 1284 ipsa
435 1210 543 1264 tremat
555 1202 643 1264 tellus
657 1202 843 1282 lacerataque
858 1211 935 1264 tecta
956 1203 1113 1265 rebellent.

357 1295 390 1349 tu
405 1288 513 1368 legem,
528 1286 675 1362 Marcelle,
687 1295 766 1348 tene.
796 1297 830 1348 tu
845 1297 972 1350 concute
988 1287 1115 1369 plebem,

359 1373 457 1435 Curio.
487 1381 520 1434 tu
535 1373 640 1434 iontem
658 1391 696 1433 ne
710 1373 871 1453 supprime,
887 1374 1023 1448 Lentule,
1039 1373 1172 1434 blartem.

300 1465 344 1518 290
359 1457 430 1538 quid
445 1476 536 1538 porro
551 1467 593 1532 tu,
609 1458 684 1533 dive,
700 1458 759 1520 tuis
774 1459 923 1521 cunctaris
938 1459 969 1520 in
984 1459 1082 1533 armis,

359 1563 420 1604 non
435 1544 549 1624 frangis
563 1552 675 1624 portas,
692 1562 752 1604 non
767 1544 861 1605 muris
877 1544 985 1624 oppida
999 1544 1087 1606 solvis

356 1630 571 1709 thesaurosque
586 1625 688 1708 rapis?
703 1629 800 1692 nescis
815 1639 862 1704 tu,
878 1629 993 1709 blagne,
1009 1629 1085 1690 tueri

357 1714 506 1777 Romanas
520 1711 627 1776 arces?
641 1713 799 1792 Epidamni
813 1715 930 1776 moenia
946 1733 1055 1793 quaere

357 1799 601 1879 Thessalicosque
614 1798 698 1860 sinus
713 1799 844 1861 humano
859 1799 1003 1878 sanguine
1019 1798 1152 1878 tingue'’.

301 1891 344 1944 295
401 1885 511 1945 laetum
528 1893 574 1946 est
588 1885 618 1944 in
634 1883 732 1958 terris,
748 1883 890 1963 quicquid
906 1884 1057 1946 Discordia
1071 1883 1166 1946 iussit’

749 1989 767 2027 *
929 1991 931 1994 .

308 2070 374 2114 cum
403 2053 476 2113 haec
498 2051 660 2132 Eumolpos
686 2051 801 2132 ingenti
828 2052 1010 2114 volubilitate
1039 2053 1200 2115 verborum
1223 2056 1301 2116 eliu-

222 2136 321 2212 disset,
335 2136 456 2199 tandem
471 2137 600 2200 Crotona
615 2137 799 2200 intravimus.
828 2137 880 2199 ubi
895 2137 1014 2216 quidem
1026 2157 1115 2217 parvo
1127 2139 1301 2203 deversorio

221 2223 335 2296 refecti,
350 2231 470 2303 postero
486 2223 533 2284 die
548 2222 699 2302 amplioris
712 2224 850 2286 lomunae
861 2222 982 2284 domum
998 2232 1174 2302 quaerentes
1190 2225 1301 2288 incidi-

221 2325 288 2371 mus
302 2309 333 2370 in
350 2308 468 2370 turbam
483 2309 721 2390 heredipetarum
736 2309 964 2383 sciscitantium,
987 2309 1067 2388 quod
1089 2328 1186 2388 genus
1200 2311 1302 2374 bomi-

223 2412 295 2456 num
310 2401 361 2456 aut
370 2395 450 2457 unde
462 2395 639 2456 veniremus.
668 2413 704 2455 ex
719 2396 903 2475 praescripto
919 2413 991 2474 ergo
1003 2394 1119 2456 consibi
1130 2398 1303 2459 communis
1323 2407 1337 2456 t

221 2487 394 2559 exaggerata
410 2480 567 2542 verborum
581 2479 781 2554 volubilitate,
803 2480 884 2543 unde
898 2489 949 2540 aut
972 2480 1024 2559 qui
1046 2498 1195 2555 essemus,
1219 2483 1302 2544 haud

222 2564 312 2626 dubie
335 2565 526 2627 credentibus
547 2564 750 2626 indicavimus.
776 2563 785 2647 l
806 2565 857 2643 qui
878 2565 976 2626 statim
998 2583 1070 2646 opes
1091 2584 1159 2628 suas
1180 2586 1302 2630 summo
1319 2572 1340 2624 1.

221 2667 290 2711 cum
305 2649 466 2710 cerumine
480 2649 511 2709 in
526 2648 706 2728 Eumolpum
723 2658 950 2728 congesserunt.

307 2733 443 2795 certatim
470 2750 574 2794 omnes
599 2733 787 2813 heredipetae
812 2733 988 2796 muneribus
1014 2735 1136 2814 gratiam
1157 2735 1301 2817 Eumolpi

221 2817 387 2880 sollicitant·
745 2899 762 2938 *
1326 2832 1351 2884 to

142 2983 202 3046 125
306 2988 377 3049 dum
391 2988 464 3050 baec
479 3005 587 3068 magno
602 2995 736 3068 tempore
751 2988 880 3050 Crotone
895 2998 1025 3068 aguntur

222 3081 252 3135 et
265 3072 430 3154 Eumolpus
450 3074 588 3136 felicitate
609 3074 717 3153 plenus
737 3074 845 3154 prioris
868 3075 1004 3136 fortunae
1020 3083 1098 3138 esset
1113 3075 1222 3138 oblitus
1237 3085 1298 3138 sta·

219 3167 285 3221 tum
310 3159 398 3234 adeo,
424 3167 458 3221 nt
483 3160 544 3222 suis
570 3160 705 3234 iactaret,
731 3160 881 3221 nerninem
908 3160 1020 3239 gratiae
1045 3179 1116 3223 snae
1141 3160 1184 3222 ibi
1208 3180 1298 3242 posse

222 3244 360 3306 resistere
374 3244 557 3326 impuneque
572 3263 650 3319 suos,
671 3243 696 3306 si
711 3245 781 3324 quid
796 3244 990 3324 deliquissent
1004 3246 1035 3307 in
1052 3264 1085 3308 ea
1100 3246 1186 3320 urbe,
1202 3246 1297 3308 bene-

222 3329 290 3390 ficio
302 3329 464 3391 amicorum
477 3332 599 3395 laturos.
623 3337 755 3391 ceterum
767 3347 832 3408 ego,
845 3330 899 3392 etsi
907 3331 1038 3410 qnotidie
1045 3332 1298 3412 magismagisque
1320 3345 1350 3396 15

221 3413 474 3494 superfluentibus
494 3415 582 3478 bonis
603 3414 769 3493 saginatum
795 3433 905 3495 corpus
929 3416 1119 3498 impleveram
1139 3417 1296 3497 putabam-

221 3518 279 3579 que
300 3518 317 3560 a
338 3499 471 3562 custodia
496 3502 554 3562 mei
579 3500 740 3562 removisse
763 3500 876 3562 vultum
896 3500 1076 3578 Fortunam,
1101 3510 1202 3564 tamen
1229 3521 1296 3565 sae·

220 3585 288 3666 pius
302 3593 361 3647 mm
373 3586 621 3648 consuetudinem
631 3603 726 3648 meam
738 3585 903 3667 cogitabam
916 3606 1005 3667 quam
1017 3606 1146 3662 causam,
1162 3597 1192 3650 et
1203 3587 1297 3668 ‘quid’

306 3740 356 3791 ttt
374 3739 514 3805 sanguinea
533 3736 666 3790 tremulam
686 3737 833 3790 Sumturus
849 3736 859 3806 q
877 3740 927 3791 293
945 3737 1034 3804 acies!
1055 3738 1159 3789 nomina
1179 3737 1226 3805 011
1245 3740 1297 3793 294

220 3802 336 3859 Romano
355 3806 521 3860 Cornelissen
533 3805 571 3873 112
590 3805 703 3873 quidem]
721 3807 787 3858 haar
804 3809 831 3856 et
846 3809 973 3872 prociona
991 3806 1139 3871 deprauata
1159 3809 1192 3858 ab
1211 3811 1296 3873 epito-

213 3877 331 3936 ‚morona
348 3876 422 3926 uelut
438 3877 482 3926 hic
499 3874 607 3953 primum
626 3874 651 3926 in
670 3874 868 3939 corrigendum,
886 3875 902 3926 6
920 3873 1064 3924 resecando
1083 3878 1201 3941 quinqua
1217 3891 1296 3928 voca·

221 3940 284 3992 bulo
296 3938 305 4010 ΙΙ
322 3943 353 3993 13
371 3941 433 4004 suis]
452 3940 560 3994 subinde
577 3941 722 4006 Iacobeiur,
739 3940 842 4007 saepius
860 3955 908 4005 ego
922 3939 933 4007 ll
946 3943 976 3992 17
995 3943 1049 3992 turn
1067 3941 1262 4006 Scaligeraaue
