2772 4476
211 184 252 246 58
671 184 823 240 PETRONll

213 359 290 420 idom
305 357 423 433 liceret,
446 359 553 420 mutavi
570 361 721 438 optionem
743 367 773 420 et
789 359 832 420 “si
847 356 945 420 hunc”
960 358 1082 437 inquam
1100 360 1298 420 “tractavero
1315 369 1336 418 1

213 443 347 524 improba
362 462 468 520 manu,
491 452 520 505 et
534 443 582 506 ille
597 463 658 508 non
675 444 811 518 senserit,
828 442 919 522 gallos
933 442 1110 522 gallinaceos
1125 445 1299 524 pugnacis-

213 529 304 590 simos
325 529 399 590 duos
421 528 538 591 donabo
561 530 711 609 patienti”.
741 530 776 590 ad
799 530 855 590 hoo
877 536 977 589 votnm
998 527 1131 607 ephebus
1153 529 1235 589 ultro
1260 549 1298 592 11

214 615 341 677 admovit
355 623 398 690 et,
414 624 497 694 puto,
517 615 610 677 vereri
626 615 738 694 coepit,
755 634 793 676 ne
809 632 864 692 ego
880 612 1139 675 obdormiscerem.
1176 613 1295 677 indulsi

162 725 166 746 ‹
215 719 285 780 ergo
301 699 437 772 sollicito,
452 709 574 779 totoque
589 719 716 781 corpore
735 700 807 762 citra
823 715 966 760 summam
982 699 1161 779 voluptatem
1177 717 1226 760 me
1244 700 1297 762 in·
1319 713 1334 762 5

215 786 367 866 gurgitavi.
398 783 504 846 deinde
519 793 552 846 ut
566 785 629 848 dies
650 786 748 861 venit,
771 784 853 847 attuli
876 784 1015 863 gaudenti
1038 783 1117 863 quod
1139 785 1293 863 promise-

214 889 287 932 ram.
316 878 349 932 ut
363 869 448 932 tertia
464 888 523 931 nox
538 870 685 932 licentiam
702 870 790 945 dedit,
806 869 980 932 consurrexi

216 957 251 1018 ad
278 974 378 1018 aurem
400 956 475 1017 male
497 955 671 1018 dormientis
695 955 772 1018 “dii’'
795 955 917 1034 inquam
940 954 1155 1029 “immortales‚
1182 954 1207 1015 11
1232 973 1292 1034 ego

217 1041 286 1102 hnic
302 1040 459 1102 dormienti
483 1041 631 1103 abstulero
648 1042 756 1103 coitum
782 1040 901 1120 plenum
918 1048 948 1100 et
962 1039 1137 1118 optabilem,
1160 1058 1216 1119 pro
1231 1040 1292 1102 hac

216 1126 354 1188 felicitate
371 1144 436 1188 cras
450 1145 544 1206 puero
560 1135 748 1188 asturconem
763 1125 986 1188 Macedonicum
1001 1123 1145 1203 optimum
1158 1124 1292 1201 donabo,
1318 1137 1343 1187 11

217 1229 283 1273 cum
305 1212 358 1271 hac
381 1220 479 1273 11111111
507 1212 692 1291 exceptione,
708 1212 732 1273 11
748 1211 796 1273 1111
812 1229 873 1272 non
890 1209 1046 1272 senserit”.
1075 1226 1231 1288 nunquam
1248 1211 1293 1271 al-

216 1297 293 1358 tiore
304 1314 409 1358 somno
422 1297 555 1376 ephebus
570 1296 755 1358 obdormivit.
785 1297 884 1375 itaque
898 1295 1026 1375 primum
1043 1295 1159 1374 implevi
1174 1295 1291 1358 lacten·

217 1381 297 1443 tibus
312 1381 428 1462 papillis
443 1401 564 1457 manus,
587 1401 655 1443 mox
670 1381 751 1444 basio
767 1380 895 1455 inhaesi,
911 1380 1016 1442 deinde
1031 1380 1061 1440 in
1078 1399 1172 1441 unum
1188 1382 1290 1442 omnia

217 1475 282 1528 vota
298 1467 448 1528 coniunxi.
481 1486 567 1529 mane
583 1468 685 1531 sedere
708 1468 738 1528 in
762 1466 898 1528 cubiculo
914 1466 1011 1546 coepit
1027 1474 1115 1543 atque
1131 1473 1290 1545 expectare

217 1552 462 1614 consuetudinem
477 1570 581 1614 meam.
618 1553 675 1615 1111
691 1560 801 1632 quanto
816 1551 932 1613 facilius
947 1551 999 1626 111,
1016 1549 1168 1612 columbas
1181 1551 1291 1629 gallos·
1316 1565 1342 1613 11

216 1655 274 1716 que
289 1637 467 1717 gallinaceos
482 1656 579 1700 emere
602 1656 689 1718 quam
712 1646 916 1711 asturconem,
939 1645 969 1724 et
989 1644 1108 1715 praeter
1128 1636 1186 1697 hoc
1201 1637 1290 1698 etiam

215 1723 369 1796 timebam,
396 1742 434 1784 ne
456 1733 515 1784 tam
536 1723 648 1802 grando
669 1743 779 1785 munus
800 1729 965 1802 suspectam
987 1722 1097 1782 laceret
1122 1721 1291 1784 humanita-

216 1816 275 1870 tem
291 1825 396 1869 meam.
433 1827 488 1888 ego
509 1809 621 1888 aliquot
640 1809 722 1870 horis
743 1807 883 1887 spatiatus
898 1807 928 1867 in
944 1805 1104 1887 hospitium
1119 1806 1226 1868 reverti
1241 1807 1291 1870 ni-

215 1892 315 1971 hilque
330 1892 406 1954 aliud
422 1911 509 1971 quam
525 1911 652 1972 puerum
667 1891 783 1954 basiavi.
813 1891 904 1952 atille
919 1890 1161 1970 circumspiciens
1172 1899 1207 1952 nt
1221 1910 1292 1954 cer·

215 1978 308 2038 vicem
330 1995 426 2037 meam
446 1977 538 2039 vinxit
563 1977 715 2057 amplexu,
740 1976 852 2056 “rogo'’
874 1976 972 2054 inquit
995 1975 1150 2051 “domine,
1172 1976 1224 2038 ubi
1246 1987 1293 2040 est
1314 1989 1342 2038 ut

215 2059 374 2125 asturco‘l’'
742 2146 760 2179 x

158 2217 198 2280 87
301 2233 368 2277 cum
392 2213 429 2276 ob
453 2215 531 2276 hanc
547 2214 690 2276 ollensam
706 2213 931 2294 praeclusissem
952 2213 1025 2275 mibi
1048 2215 1174 2290 aditum,
1197 2233 1289 2293 quem

215 2302 359 2375 feceram,
386 2301 550 2362 iterumad
577 2300 726 2363 licentiam
752 2299 833 2361 redii.
870 2298 1054 2380 interpositis
1078 2300 1156 2361 enim
1184 2301 1288 2379 paneis

216 2385 334 2460 diebus,
358 2405 424 2448 cum
448 2386 550 2448 similis
573 2405 657 2448 casus
680 2385 1287 2463 1111111111111111111111111111111111,

215 2481 249 2532 ut
262 2472 393 2533 intellexi
408 2481 533 2534 stertere
547 2481 676 2552 patrem,
699 2489 805 2550 rogare
820 2470 906 2550 coepi
921 2469 1086 2549 ephebum,
1108 2477 1142 2532 ut
1156 2479 1288 2534 reverte·
1309 2483 1338 2534 25

215 2566 298 2617 retur
311 2557 342 2617 111
358 2557 480 2634 gratiam
495 2575 626 2631 mecum,
647 2556 676 2619 id
700 2564 744 2617 111
764 2564 799 2616 ut
820 2563 972 2636 pateretur
993 2554 1062 2616 11111
1084 2553 1235 2632 1111111111,
1258 2565 1289 2618 et

214 2648 311 2724 cetera
327 2659 402 2720 quae
422 2641 512 2702 libido
528 2641 653 2702 distenta
668 2640 767 2702 dictat.
797 2648 826 2701 at
840 2639 888 2701 ille
904 2639 992 2720 plane
1012 2639 1104 2702 iratus
1119 2640 1193 2702 nihil
1208 2641 1288 2704 aliud

215 2724 330 2786 dicebat
351 2725 408 2787 nisi
429 2726 501 2787 hoc:
524 2728 593 2786 “aut
615 2725 725 2799 dormi,
747 2733 797 2785 aut
818 2743 872 2804 ego
888 2724 944 2786 iam
960 2725 1054 2786 dicam
1075 2726 1181 2806 patri'’.
1213 2726 1288 2790 nihil

215 2817 260 2871 111
274 2819 332 2870 tam
356 2811 496 2884 arduum,
518 2811 598 2888 quod
620 2830 680 2872 non
702 2809 876 2891 improbitas
897 2818 1078 2890 extorqueat.
1115 2812 1186 2873 dum
1201 2811 1286 2874 dicit:

217 2897 350 2975 “patrem
366 2893 534 2968 excitabo”‚
554 2896 660 2976 irrepsi
681 2905 779 2957 11111111
803 2903 832 2956 11
854 2895 928 2956 male
949 2897 1126 2976 repugnanti
1148 2897 1288 2974 gaudium
1310 2907 1339 2958 11
1382 2897 1383 2918 ’

216 2981 334 3044 extorsi.
369 2980 468 3042 atille
491 3001 551 3042 non
575 2981 770 3043 indelectatus
797 2980 925 3060 nequitia
945 2999 1027 3056 mea,
1053 2990 1210 3061 postquam
1236 2982 1288 3044 diu

216 3075 338 3146 questus
358 3075 403 3130 est
424 3066 578 3148 deceptum
601 3085 631 3128 11
657 3074 686 3128 11
707 3066 835 3128 derisum
859 3066 1084 3146 traductumque
1109 3067 1188 3128 inter
1214 3087 1288 3130 con·

215 3151 389 3232 discipulos
413 3153 521 3232 quibus
535 3153 672 3214 iactasset
687 3170 808 3214 censum
825 3168 941 3225 meum,
964 3151 1089 3214 “videris
1103 3152 1223 3214 tamen”
1240 3153 1288 3214 in-

216 3237 280 3314 quit
302 3241 383 3300 “non
407 3257 458 3300 ero
478 3238 521 3300 tui
542 3237 653 3300 similis.
683 3237 798 3316 siquid
819 3235 877 3311 vis,
900 3236 946 3296 lac
968 3235 1103 3298 iterum”.
1139 3255 1195 3318 ego
1217 3256 1287 3300 vero

214 3319 347 3400 deposita
362 3322 443 3382 omni
459 3324 571 3386 ollensa
587 3327 655 3384 oum
669 3341 762 3402 puero
778 3320 808 3382 in
824 3321 945 3400 gratiam
961 3321 1033 3384 redii
1047 3341 1179 3402 ususque
1194 3321 1288 3384 bena·
1312 3333 1340 3383 at

215 3404 281 3466 ticio
308 3406 371 3468 eius
395 3407 426 3468 in
453 3427 590 3472 somnum
617 3408 753 3486 delapsus
778 3424 852 3468 sum.
888 3405 938 3467 sed
965 3407 1103 3469 nonfuit
1128 3416 1289 3470 contentus

214 3489 368 3553 iteratione
399 3493 531 3571 ephebus
559 3494 664 3574 plenae
689 3490 864 3552 maturitatis
890 3499 919 3552 et
943 3492 1028 3554 annis
1055 3491 1090 3554 ad
1115 3494 1287 3573 patiendum

214 3575 419 3656 gestientibus.
460 3579 558 3658 itaque
580 3578 712 3640 excitavit
739 3596 786 3640 me
804 3576 932 3656 sopitum
958 3586 987 3638 et
1015 3578 1178 3656 “numquid
1202 3575 1286 3640 visl’'

213 3660 320 3740 inquit.
349 3670 379 3725 et
394 3680 455 3726 non
465 3664 552 3744 plane
564 3663 621 3726 iam
635 3663 790 3725 molestum
806 3670 867 3724 erat
883 3680 1001 3724 munus.
1030 3671 1182 3743 utcunque
1197 3663 1288 3744 igitur

299 3883 316 3933 4
334 3880 518 3934 obdormissem
534 3879 545 3950 ΙΙ
562 3883 578 3934 b
596 3879 717 3949 quicquid
735 3881 898 3948 promiseram
915 3877 925 3945 ll
949 3881 978 3931 18
996 3892 1056 3944 ergo
1078 3874 1286 3945 Tornaeer'anal

215 3949 247 4001 20
265 3945 422 4015 1111111133
441 3962 543 4000 sensum
561 3947 572 4017 q
588 3951 620 4002 ³9
638 3947 753 4010 fortasse
770 3947 860 4015 inquit,
879 3945 1037 3998 etiamnum?
1054 3948 1130 4015 plane
