2772 4476
544 209 684 262 suumne
1107 210 1148 270 Ὦ

37 389 64 438 ll
77 380 241 444 corneolus
254 381 318 455 luit,
334 388 459 444 aetatem
471 380 551 446 bene
561 382 685 457 terebat,
700 383 785 463 niger
796 391 937 464 tanqumn
948 402 1063 448 nervus.
1094 405 1149 446 no-

77 484 178 527 veram
192 466 360 528 bominem:
377 467 448 528 olim
463 467 589 529 oliorum
603 478 633 529 et
647 469 744 530 adbue
756 469 834 530 salax
849 476 920 532 erat.
954 487 1016 530 non
1032 470 1150 532 meber-

77 551 162 612 cules
176 550 260 612 illum
275 561 347 632 puto
368 552 399 613 in
416 554 503 614 domo
525 571 630 616 canem
641 553 806 633 reliquisse.
841 554 932 616 immo
952 554 1040 616 etiam
1054 555 1150 634 pulla-

78 637 142 698 rius
156 636 348 782 erbb'bomm
357 637 507 716 minervae
521 638 622 701 bomo.
651 657 707 700 neo
718 637 873 718 improbo;
888 641 945 700 boo
958 639 1055 702 solum
1068 641 1148 702 enim
1171 656 1181 702 ’ξ

46 735 179 784 eseoum
241 721 281 782 't'.

164 807 238 867 baee
253 807 386 868 Pbileros
400 807 486 881 dixit,
507 808 555 870 illa
571 807 770 888 Ganymedesr
792 809 928 870 ‘narratis
942 810 1024 889 qnod
1042 809 1150 874 unead
1166 817 1208 878 44

79 891 195 952 eaelum
209 909 267 952 nee
279 891 316 952 ad
331 899 440 954 terram
455 893 600 972 pertinet,
621 911 690 954 oum
710 892 831 958 interim
851 912 939 956 nemo
958 903 1057 968 eurat,
1079 895 1149 974 qnld

79 993 200 1038 annona
215 977 341 1039 mordet.
375 996 437 1039 non
458 978 642 1040 mehercules
662 979 750 1041 bodie
769 979 894 1040 bueoam
916 979 1002 1058 panis
1016 980 1149 1042 invenire

80 1063 176 1141 potui.
205 1071 234 1124 et
249 1062 398 1141 quomodo
413 1063 529 1126 siccitas
544 1071 721 1142 perseverat
750 1065 933 1128 lemannum
949 1065 1070 1130 esuritio
1083 1065 1150 1128 tuit.

33 1160 61 1211 tu
80 1146 191 1208 aediles
199 1148 275 1208 mals
286 1148 409 1220 eveniat,
423 1148 474 1226 qui
486 1167 554 1210 eum
565 1149 727 1228 pistoribus
739 1149 893 1212 oolludunt
905 1155 1007 1212 “serua
1017 1169 1075 1225 me,
1085 1168 1151 1214 ser«

78 1231 154 1293 vebo
165 1232 224 1292 te’'.
246 1233 346 1311 itaque
356 1234 761 1313 populusminutuslabornt3
774 1253 843 1296 narn
855 1234 903 1298 isti
913 1235 1150 1301 naioresmam·

78 1317 124 1378 lae
139 1335 259 1397 semper
272 1318 440 1380 Sauunuba
451 1329 555 1398 agunt.
586 1339 603 1380 o
618 1319 644 1382 si
657 1319 834 1382 baberemus
849 1320 915 1382 illos
936 1320 1054 1395 leones,
1076 1339 1151 1400 quos

79 1419 136 1480 ego
150 1402 199 1463 bin
212 1403 327 1478 inveni,
349 1422 418 1464 eum
432 1405 561 1483 primurn
576 1423 612 1466 ex
626 1404 784 1466 esiaveni.
813 1405 884 1466 illud
900 1415 962 1468 erat
975 1406 1081 1470 vivere.
1111 1407 1151 1486 si:

79 1488 159 1550 milia
174 1487 266 1549 sioiba
281 1489 437 1550 interiores
458 1497 487 1550 et
508 1490 606 1552 laruas
628 1490 671 1552 sin
685 1489 758 1552 istos
772 1490 1022 1570 pereolopabant,
1043 1500 1077 1552 ut
1094 1491 1152 1554 illis

36 1585 64 1636 tt
80 1572 194 1652 Iupiter
207 1573 299 1635 iratus
316 1582 403 1636 esset.
439 1569 515 1656 [sed]
536 1575 659 1636 memini
674 1574 832 1636 Safinium:
853 1582 926 1636 tuno
947 1575 1097 1638 habitabat
1115 1575 1152 1638 ad

79 1676 182 1719 arnum
196 1666 335 1732 veterem,
350 1677 399 1720 me
413 1677 517 1737 puem,
532 1658 628 1738 piper,
643 1678 706 1720 non
720 1659 819 1721 homo.
849 1659 873 1722 is
888 1677 1067 1738 quoeunque
1082 1660 1151 1732 ibat,

80 1753 190 1804 terram
205 1743 355 1805 adluebat.
384 1744 435 1806 sed
451 1752 560 1818 reetus,
575 1745 626 1806 sed
641 1752 751 1816 certus,
765 1744 876 1806 anien
891 1745 995 1816 amieo,
1010 1763 1078 1808 oum
1090 1764 1151 1824 quo

81 1830 221 1892 audacter
240 1847 344 1908 posses
365 1829 396 1890 in
418 1828 551 1892 tenebris
572 1829 690 1890 mirare.
727 1828 761 1890 in
780 1829 863 1890 euria
883 1837 982 1890 autem
1002 1831 1152 1908 quomodo

79 1914 215 1993 singulos
226 1909 295 1996 [vel]
306 1913 416 1993 pilabat
426 1911 605 1998 [naembatl
620 1933 677 1976 nen
691 1915 825 1977 sobemas
837 1913 1019 1993 loquebatur
1032 1917 1085 1976 sed
1100 1916 1152 1976 de·

35 2012 65 2062 to
81 2006 205 2060 rentum.
234 2015 304 2060 oum
318 2009 419 2078 ageret
432 2018 522 2079 porro
536 2001 567 2062 in
583 2002 666 2073 loro,
687 1999 729 2062 sie
750 1999 828 2062 illius
843 2019 899 2062 vox
914 1998 1066 2062 erescebat
1084 2009 1151 2062 tan·

10 2153 11 2158 ἵ
83 2103 171 2163 quam
184 2083 265 2146 tuba.
302 2101 359 2146 neo
371 2084 487 2146 sudavit
507 2103 639 2164 unquam
659 2103 715 2146 nee
730 2085 847 2163 expuit,
867 2095 940 2164 puto
960 2104 1028 2146 eum
1049 2086 1150 2149 neseio

82 2169 154 2248 quid
174 2168 288 2231 Asiadis
308 2169 455 2234 babuisse.
495 2177 525 2231 et
546 2168 803 2249 quambenignus
825 2170 1001 2244 resalutare,
1029 2171 1150 2234 nomina

82 2255 217 2316 omnium
232 2254 369 2328 reddere,
390 2261 531 2334 unquam
551 2273 631 2316 unus
651 2255 687 2315 d'e
705 2254 803 2316 nohis,
838 2256 937 2333 itnque
952 2254 1001 2318 illo
1016 2263 1150 2334 ternpore
1178 2295 1186 2305 -

81 2359 203 2406 annona
215 2358 271 2420 pre
287 2339 350 2401 luto
366 2348 437 2402 erat.
466 2358 531 2404 asse
545 2357 652 2419 panem
669 2357 758 2418 quem
773 2339 909 2413 emisses,
926 2358 988 2400 non
1003 2339 1151 2418 potuisses

36 2439 65 2489 m
80 2443 148 2488 eum
164 2426 257 2487 altero
272 2425 423 2488 devorare.
458 2443 541 2486 nune
554 2424 675 2486 oeulum
688 2423 812 2488 bublum
833 2424 891 2486 vidi
905 2424 1056 2488 maiorem.
1092 2425 1151 2486 bau

80 2512 154 2585 beu,
176 2510 307 2590 quotidie
322 2510 416 2590 peius.
452 2510 525 2572 baee
547 2509 664 2572 colonia
683 2519 868 2580 retroversus
882 2508 989 2572 crescit
1009 2518 1151 2588 taoqmm

80 2598 154 2658 eoda
168 2595 262 2658 vituli.
297 2595 349 2658 sed
370 2614 462 2674 quare
475 2609 540 2658 'uos
558 2594 702 2658 babemus
724 2595 847 2656 aedilem
861 2595 951 2656 trium
967 2594 1149 2666 eauniarum,

80 2682 132 2760 qui
153 2681 212 2743 sibi
233 2681 342 2744 mavult
356 2699 450 2744 assem
474 2695 561 2759 quam
583 2681 672 2742 vitem
687 2678 842 2742 nostram‘l
872 2680 970 2759 itaque
986 2680 1065 2742 domi
1079 2698 1152 2757 gau·

80 2767 139 2842 det,
155 2766 222 2845 plus
236 2766 267 2828 in
281 2767 330 2828 die
345 2782 535 2829 nummorum
550 2765 667 2844 aeeipit,
683 2783 770 2844 quam
786 2765 861 2827 alter
873 2765 1084 2844 patrimonium
1099 2765 1152 2826 ba-

34 2865 63 2916 no
79 2852 141 2913 bet.
171 2851 229 2912 iam
242 2851 320 2926 seio,
335 2851 416 2914 unde
431 2853 580 2931 acceperit
594 2850 732 2912 denarios
745 2851 825 2912 mille
840 2868 954 2912 aureos
990 2851 1041 2912 sed
1056 2851 1081 2912 si
1096 2869 1153 2914 nos

79 2937 184 3000 eoleos
197 2935 387 3011 haberemus,
409 2955 477 3000 non
486 2943 601 3000 tentum
615 2935 672 2998 sibi
687 2936 825 3014 placeret.
862 2954 945 2998 nuno
964 2935 1094 3015 populus
1109 2943 1153 2998 est

79 3021 162 3084 domi
177 3021 288 3096 leones,
303 3024 386 3084 foras
397 3022 509 3101 vulpes.
539 3021 619 3101 quod
633 3020 670 3082 ad
685 3037 733 3086 me
744 3021 859 3094 attinet,
873 3021 931 3082 iam
941 3039 1059 3099 pannos
1069 3037 1153 3082 meos

81 3107 211 3184 comedi,
237 3107 313 3169 etsi
333 3115 500 3187 perseveret
524 3107 598 3168 haee
619 3124 755 3180 annona,
781 3105 893 3168 castilas
912 3123 993 3166 meas
1018 3105 1152 3166 vendam.

80 3192 154 3273 quid
168 3193 248 3254 enirn
262 3193 397 3255 futurum
412 3200 471 3265 est,
492 3192 517 3253 si
539 3209 596 3252 nee
617 3190 657 3252 dii
677 3209 732 3252 neo
753 3189 889 3252 bomines
909 3190 998 3251 buius
1018 3189 1153 3250 eoloniae

36 3289 65 3338 ³5
80 3274 283 3340 miserentur?
312 3277 352 3340 ita
367 3297 449 3342 meos
463 3277 627 3350 lrunisear,
642 3284 677 3338 ut
690 3291 746 3354 ego
761 3283 834 3355 puto
849 3274 948 3339 omnia
962 3274 1009 3336 illa
1025 3293 1042 3336 a
1056 3274 1155 3338 diibus

19 3369 65 3420 dl,
80 3362 158 3424 lieri.
178 3360 184 3440 l
210 3377 298 3420 nemo
313 3363 393 3423 enim
407 3362 519 3424 eaelum
535 3362 650 3427 eaelum
664 3369 764 3440 putat,
786 3378 873 3423 neme
891 3360 1033 3422 ieiunium
1048 3370 1152 3434 servat,

82 3465 173 3510 nemo
189 3443 288 3506 lovem
303 3445 354 3523 pili
368 3446 452 3521 lauit,
472 3448 524 3512 sed
546 3465 651 3510 omnes
669 3445 783 3525 opertis
803 3446 896 3509 bordis
909 3445 988 3508 bona
1003 3463 1055 3507 sua
1070 3463 1153 3506 eom-

43 3541 69 3590 11
81 3539 199 3614 putant.
219 3527 225 3610 Ι
244 3535 332 3590 antea
345 3529 467 3592 stolatae
480 3531 564 3595 ibant
578 3532 666 3597 nudis
679 3530 806 3611 pedibus
819 3531 851 3593 in
864 3531 981 3605 olivum,
996 3530 1090 3610 passis
1105 3547 1153 3590 oa·

80 3619 170 3701 pillis,
185 3613 336 3678 mentibus
350 3614 449 3695 puris,
465 3624 494 3678 et
507 3617 607 3678 lovem
621 3635 728 3696 aquam
743 3616 914 3679 exorabant.
941 3616 1041 3695 itaque
1056 3614 1154 3676 statim

169 3769 184 3820 2
194 3767 361 3820 mulierosum
372 3765 504 3827 Hormus,
517 3765 620 3818 molitor
632 3767 766 3818 mulierum
778 3781 828 3832 ego
838 3764 960 3834 eonieeill
970 3768 984 3816 3
995 3762 1135 3831 puellarius

83 3841 99 3890 s
118 3836 203 3889 esurio
220 3833 231 3904 l
249 3838 280 3888 13
299 3837 428 3903 temptaui
451 3833 533 3886 simila
557 3834 579 3885 sl
601 3832 643 3884 sili
663 3835 704 3885 ine
721 3833 826 3886 inferior
843 3837 912 3886 esset
929 3833 938 3901 ll
956 3835 987 3884 19
1007 3831 1128 3885 dilectum

84 3908 115 3958 nl
136 3909 203 3972 puto
225 3904 292 3958 enim
314 3903 325 3972 ΙΙ
348 3905 380 3958 22
403 3904 507 3956 nontam·
526 3901 627 3968 apatbis
644 3848 706 3970 ffel
730 3917 780 3953 non
803 3902 925 3954 habemus
945 3903 950 3968 Ι
967 3899 1082 3962 fumare
1104 3917 1155 3954 non

86 3973 162 4024 nium
179 3969 240 4040 let
258 3972 314 4025 eius
330 3971 341 4042 ll
358 3975 390 4026 et
408 3971 452 4024 illa
470 3969 597 4026 aedilibus
614 3969 670 4022 deri
686 3967 698 4039 l
713 3973 744 4025 tl
764 3969 844 4037 pluris
861 3969 923 4024 lauit
940 3971 962 4022 L
