2780 4480
570 191 710 246 surtran
1116 187 1179 250 107

54 377 81 429 L
100 369 284 452 Eumolpum
303 368 435 430 renitet
422 365 664 428 tcommendare
689 365 816 427 liberos
823 382 893 428 suos
913 365 977 426 eius
983 365 1179 458 prudentiae

99 456 293 535 bonitatique
436 501 439 508 ,
559 452 681 513 eredere
706 471 739 513 se
758 458 790 511 ιι
810 459 879 512 rota
904 469 965 512 sua
1006 451 1090 513 illum
1115 451 1181 514 es'se

99 541 228 603 solum
220 559 252 602 ιιι
272 542 336 600 toto
356 537 432 599 orbe
453 545 616 611 terrarum,
639 535 693 615 qui
716 537 892 617 praeceptis
899 536 989 598 etiarn
1010 535 1183 601 salubribus

99 627 254 688 instruere
274 625 397 686 iuvenes
419 622 551 702 quotidie
568 630 678 703 posset.
714 621 752 682 ad
772 636 932 696 sumnum,
955 621 1126 702 relinquere
1147 640 1180 684 se

59 725 79 773 ιι
99 730 212 791 pueros
226 711 257 772 in
273 710 361 772 domo
376 707 525 788 Eumolpi,
539 715 573 769 ut
587 707 669 768 illum
679 706 853 785 loquentem
866 705 1006 768 audirem
1068 716 1072 727 “
1158 732 1160 740 ·

101 815 179 876 quae
205 796 267 858 sola
291 803 393 874 posset
418 792 564 855 hereditas
589 791 747 853 iuuenibus
765 791 838 854 dari.
858 793 929 853 &nec
951 792 1035 855 aliter
1055 792 1126 854 feeit
1142 809 1183 866 ac·

101 883 232 956 dixerat,
248 880 397 958 filiamque
411 877 657 958 speciosissimam
672 895 741 938 cum
756 877 847 938 fratre
862 876 979 957 ephebo
993 879 1025 939 in
1040 877 1177 940 cubiculo

101 965 222 1045 reliquit
242 964 447 1043 simulavitque
464 981 501 1024 se
519 963 551 1024 in
577 963 719 1042 ternplum
744 963 851 1024 ire·ad
876 970 942 1023 vota
967 962 1178 1043 nuncupanda.
1210 963 1214 973 '

101 1051 277 1130 Eumolpus,
293 1049 418 1129 quitum
433 1048 511 1128 frugi
526 1056 590 1109 erat
602 1055 637 1108 ut
650 1048 691 1109 illi
705 1048 795 1109 etiam
810 1065 866 1128 ego
880 1058 957 1126 puer
971 1048 1100 1124 viderer,
1117 1065 1178 1109 non

50 1147 80 1200 ιι
103 1136 218 1199 distulit
232 1135 360 1215 puellam
383 1134 506 1197 invitare
528 1134 564 1194 ad
581 1133 729 1214 pigiciaca
749 1150 844 1194 sacra.
863 1133 926 1194 sed
942 1139 972 1194 et
985 1131 1181 1213 podagricum

102 1241 135 1284 se
152 1240 216 1284 esse
230 1220 460 1299 lumborumque
475 1218 639 1280 solutorum
655 1217 796 1280 omnibus
810 1217 938 1293 dixerat,
954 1227 984 1279 et
998 1219 1022 1280 si
1038 1237 1099 1279 nou
1113 1235 1180 1278 ser-

101 1314 200 1370 vasset
212 1307 359 1386 integram
372 1303 599 1377 simulationem,
611 1303 833 1384 periclitabatur
847 1310 939 1378 totam
954 1322 1050 1384 paene
1062 1311 1179 1382 tragoe-

102 1393 180 1455 diam
197 1399 338 1453 evertere.
369 1391 468 1469 itaque
483 1396 516 1449 ut
531 1396 682 1464 constaret
694 1387 850 1450 mendacio
866 1389 953 1462 tides,
969 1388 1097 1468 puellam
1113 1387 1180 1467 qui-

102 1478 170 1539 dem
186 1475 325 1550 exoravit,
341 1481 374 1536 ut
388 1474 505 1537 sederet
519 1491 608 1554 super
630 1473 864 1534 commendatam
880 1471 1059 1548 bonitatem,
1076 1470 1179 1535 Coraci

50 1571 79 1622 15
101 1570 203 1626 autem
218 1555 385 1641 imperavit,
406 1568 440 1620 ut
454 1559 603 1634 lectums
595 1577 626 1620 ur
641 1577 702 1637 quo
716 1558 780 1637 ipse
795 1556 916 1632 iacebat,
932 1558 1045 1620 subiret
1059 1559 1180 1638 positis-

104 1666 163 1727 que
186 1647 217 1708 in
240 1646 408 1727 pavimento
430 1643 567 1706 manibus
590 1643 742 1705 dominum
765 1641 873 1704 lumbis
895 1643 956 1705 suis
971 1653 1178 1726 commoneret.

103 1733 152 1793 ille
174 1733 255 1792 lente
277 1729 431 1811 parebat
423 1729 548 1809 imperio
570 1729 746 1809 puellaeque
768 1727 924 1789 artificium
946 1728 1011 1808 pari
1033 1737 1115 1790 motu
1131 1748 1179 1793 re-

102 1817 289 1879 munerabat.
325 1833 392 1877 cum
408 1831 480 1894 ergo
494 1831 544 1877 res
565 1815 601 1876 ad
616 1815 754 1875 ellectum
776 1819 940 1893 spectaret,
964 1815 1041 1875 clara
1057 1813 1180 1876 Eumol

104 1920 161 1982 pus
179 1919 254 1963 voce
276 1899 487 1962 exhortabatur
502 1899 621 1974 Coraca,
643 1907 678 1960 ut
697 1899 894 1979 spissaretol
861 1899 1001 1961 ιιιιιιιιιιιι.
1037 1899 1079 1962 ιιι
1101 1899 1180 1962 inte'r

51 1996 81 2047 tu
102 1984 341 2050 mercennarium
358 1985 542 2063 amicamque
556 1985 670 2066 positus
685 2001 775 2046 senex
792 1983 1077 2047 veluti-oscillatione
1093 1985 1177 2047 lude·

102 2072 163 2134 bat.
192 2071 250 2134 boc
272 2071 363 2134 semel
383 2071 553 2149 iterumque
573 2069 689 2149 ingenti
712 2071 789 2146 risu,
813 2070 899 2132 etiaui
922 2083 992 2146 situ,¹
1014 2069 1179 2153 Eumolpus

102 2159 222 2220 lecerat.
252 2157 351 2236 itaque
373 2174 428 2235 ego
452 2174 586 2235 quoque,
610 2174 649 2217 ne
671 2155 781 2230 desidia
797 2157 1049 2229 ¹consuetudinem
1073 2157 1179 2237 perde·

102 2261 183 2318 rem,
206 2243 277 2304 dum
291 2243 383 2303 irater
399 2241 512 2303 sororis
534 2259 606 2303 suae
626 2247 773 2302 automata
795 2258 851 2320 per
865 2240 1178 2315 clostellum'miratur,

103 2329 214 2390 accessi
236 2335 448 2407 temptaturus,
472 2345 510 2388 an
534 2333 700 2406 pateretur
708 2325 855 2386 iniuriam
887 2344 944 2387 nec
959 2345 990 2388 se
1008 2287 1179 2394 reiciebatal

52 2422 80 2472 ιι
101 2412 252 2475 blanditiis
266 2411 452 2474 doctissimus
467 2430 558 2492 puer,
574 2410 626 2472 sed
640 2423 689 2471 me
704 2425 816 2471 numen
833 2409 987 2473 inimicum
1001 2409 1044 2472 ibi
1058 2428 1178 2491 quoque

102 2498 217 2560 invenit
330 2565 332 2574 ,
634 2563 704 2618 ἢ,
795 2579 799 2598 ⁵
829 2559 844 2586 ,ι

188 2649 474 2724 ‘damnauerunt
490 2648 542 2729 qui
557 2667 605 2710 me
617 2647 816 2710 restituerant
826 2645 858 2714 in
870 2643 1030 2728 integrum.
1060 2649 1179 2712 Merou-

101 2735 166 2798 rius
181 2735 276 2809 enim,
300 2735 351 2815 qui
367 2734 479 2795 animas
493 2733 604 2794 ducere
619 2741 649 2794 et
664 2734 808 2796 reducere
829 2734 918 2809 solet,
921 2754 923 2766 ·
942 2733 1004 2796 suis
1026 2733 1179 2797 beneficiis¹

101 2819 228 2882 reddidit
243 2779 330 2896 mibi,
353 2819 432 2899 quod
447 2837 554 2880 manau
568 2819 642 2880 irata
656 2817 854 2899 praeciderat,
870 2828 904 2880 ut
918 2820 993 2882 scias
1006 2836 1055 2881 me
1069 2821 1180 2900 gratio

53 2911 80 2964 tt
101 2905 211 2967 siorem
229 2923 309 2967 ιιιι
322 2923 409 2984 quam
432 2903 639 2966 Protesilaum
646 2911 699 2966 aut
720 2922 905 2984 quemquam
930 2905 1018 2966 alium
1041 2907 1179 2985 antiquo-

102 2989 190 3054 rum'
227 2991 301 3051 baec
316 2990 434 3052 loeutus
448 2989 554 3052 sustuli
577 2989 718 3053 tunicam
722 2984 947 3069 Eumolpoque
953 3003 1001 3050 ms
1011 2985 1111 3051 totum
1125 3009 1179 3070 ap-

101 3075 234 3154 probavi.
264 3083 294 3136 at
308 3074 357 3135 ille
371 3075 469 3155 primo
484 3075 651 3151 exhorruit,
675 3073 781 3136 deinde
803 3084 835 3135 ut
857 3075 1020 3153 plurimum
1035 3075 1179 3148 erederet,

102 3168 228 3240 utraque
243 3177 334 3221 manu
348 3161 474 3222 duorum
489 3159 633 3221 beneficia
647 3167 802 3221 tractat

436 3291 440 3299 '
632 3282 649 3321 t

189 3343 353 3422 ‘Socratem
375 3331 500 3408 deorum
514 3347 791 3426 bominuquea,
806 3345 924 3427 gloriari
938 3346 1075 3426 solebat,
1099 3343 1179 3491 qdod

55 3436 82 3487 ιι
103 3444 260 3528 nunquam
275 3449 373 3510 neque
388 3431 419 3492 in
434 3431 590 3492 tabernam
606 3439 802 3516 conspexerat
825 3449 880 3494 nec
894 3431 984 3502 ullius
998 3429 1133 3494 tnrba‘et
1133 3443 1180 3491 re·

103 3515 276 3595 quentioris
291 3513 419 3578 concilio
442 3517 544 3579 oculos
564 3535 635 3578 suos
657 3509 830 3579 crediderat.
860 3517 944 3579 adeo'
948 3517 1024 3579 nibil
1038 3513 1085 3578 ιιι
1095 3526 1179 3621 corus

103 3601 221 3664 modius
235 3619 323 3682 quam
338 3619 456 3681 semper
470 3619 538 3663 cum
553 3601 815 3682 sapientialoqui!
896 3629 898 3634 ·
928 3617 930 3624 ‘
969 3619 993 3634 ··
1061 3613 1063 3621 ’
1175 3621 1178 3628 ’

189 3823 201 3874 t
222 3787 251 3872 ιιι
263 3819 454 3874 commendaret
466 3820 601 3873 Ιαιιιιιιιιι
613 3819 622 3886 l
635 3822 651 3872 ι
663 3833 692 3870 ιι
703 3821 803 3884 speret
814 3819 948 3882 Heinsius,
960 3831 989 3870 se
1001 3817 1025 3870 ei
1037 3815 1159 3872 uuum
1172 3813 1184 3884 Ι

106 3889 136 3939 tc
153 3886 272 3950 sortasse
289 3888 396 3956 physica
416 3887 473 3954 1117
497 3887 577 3940 lento
608 3889 733 3939 amineum
751 3885 866 3949 sortasse
883 3885 996 3953 impulsu
1016 3884 1020 3953 Ι
1041 3885 1179 3954 puellaque

106 3953 224 4022 Caperes
237 3953 249 4024 ss
260 3957 292 4008 33
311 3954 466 4008 beneficium
484 3955 676 4022 Scaliger-anua
