2780 4480
679 151 834 211 Peruenit

705 324 812 392 xtllll

311 446 497 511 Terentianus
513 445 638 509 Maurus
653 449 686 510 de
699 452 812 510 metros:

468 531 621 594 Horatium
638 529 769 595 uidemus
817 541 819 548 “

468 636 571 679 versus
586 619 698 680 tenoris
712 619 800 680 huius

471 720 618 781 nusquam
632 703 745 765 locasse
761 703 856 782 iuges

471 795 500 848 at
515 787 634 849 Arbiter
649 787 775 850 disertus

374 882 431 933 2490
448 935 452 942 ,
473 871 556 940 libris
572 873 633 934 suis
649 874 826 953 frequentat.

471 975 634 1038 agnoscere
649 957 722 1024 hace
736 957 869 1038 potestis,

471 1051 591 1108 cantare
607 1061 682 1124 quae
697 1043 841 1106 solemus:

474 1127 689 1208 ‘Memphitidos
704 1128 820 1208 puellae

472 1213 562 1275 sacris
576 1214 663 1274 deum
679 1221 807 1311 paratae.

375 1306 431 1357 2495
474 1298 585 1359 tinctus
601 1299 701 1360 colore
716 1299 812 1378 noetis

474 1401 564 1444 manu
579 1402 654 1463 puer
668 1383 793 1462 loquaci’
892 1421 894 1430 ι

314 1463 427 1528 Murius
446 1467 607 1530 lectotenus
621 1465 669 1530 ill
682 1463 723 1530 17
738 1468 782 1545 (in
796 1467 888 1530 Ket'lri
896 1425 1092 1547 grammaticis
1112 1461 1151 1526 u
1160 1485 1191 1545 p
1209 1461 1301 1541 luet:

228 1551 316 1614 huius
328 1552 440 1615 tenoris
452 1571 485 1615 ac
497 1554 609 1614 formae
620 1553 763 1633 quosdam
775 1571 877 1615 versus
888 1560 990 1634 poetas
1000 1551 1108 1632 lyricos
1120 1549 1304 1614 carminibus

227 1635 291 1699 suis
306 1637 445 1701 indidisse
461 1640 663 1720 cognovimus,
679 1645 756 1700 utet
772 1638 850 1718 apud
862 1637 1032 1700 Arbitrum'
1024 1635 1201 1710 invenimus,
1218 1636 1304 1728 cuius

227 1723 393 1803 exemplum

475 1808 691 1887 Memphitidos
705 1807 820 1887 puellae

476 1893 566 1954 sacris
581 1893 668 1955 deum
682 1891 821 1972 paratae’.

226 1977 300 2038 item
476 1976 596 2038 ‘tinctus
611 1977 711 2039 colore
726 1976 822 2038 noctis

477 2053 633 2142 Aegyptias
648 2061 780 2126 choreas’

738 2262 798 2358 xx·

322 2383 509 2447 Terentianus
525 2383 649 2446 Maurus
664 2385 696 2447 de
710 2387 824 2446 metris:

480 2489 561 2530 nunc
576 2469 688 2543 divisio,
704 2487 793 2548 quam
807 2468 974 2547 loquemur,
990 2467 1056 2526 edet

381 2563 438 2614 2850
481 2563 607 2614 metrum
623 2572 683 2632 quo
699 2562 865 2615 memorant
880 2553 1066 2612 Anacreonta

479 2637 580 2699 dulces
595 2639 797 2736 composuisse
813 2637 983 2722 cantilenas

480 2723 536 2784 hcc
552 2723 710 2787 Petronius
724 2723 874 2784 invenitur
889 2741 969 2795 usus,

480 2805 571 2868 llusis
586 2827 653 2868 cnm
668 2809 791 2888 lyricum
808 2807 899 2870 refert
915 2803 1041 2870 eundem

481 2893 675 2954 consonantia
689 2895 778 2956 verba
793 2893 959 2967 comitasse,

383 2985 440 3038 2855
482 2985 512 3039 et
526 2979 627 3058 plures
642 2979 698 3041 alii.
728 2979 779 3042 sed
794 2979 848 3040 iste
863 2995 966 3039 versus

482 3064 561 3143 quali
577 3066 758 3145 compositus
773 3072 853 3125 tome
868 3063 915 3136 sit,
931 3061 1025 3124 edam.

474 3149 622 3212 ‘iuverunt
636 3158 751 3229 segetes
764 3167 863 3212 meum
873 3145 1029 3210 'laborem’

475 3235 630 3296 ‘iuverunt’
646 3236 735 3314 caput
749 3244 794 3296 est
808 3233 837 3294 id
851 3232 1014 3293 hexametri
1030 3262 1070 3284 ‚-

383 3326 439 3377 2861
483 3321 562 3397 quod
578 3328 669 3382 restet
683 3326 808 3399 ‘segetes
821 3335 921 3379 meum
935 3315 1087 3379 lahorem’.

482 3403 539 3464 tale
555 3414 599 3466 est
613 3423 669 3466 ceu
685 3403 803 3484 ‘triplici
817 3402 897 3466 vides
912 3412 945 3464 ut
960 3411 1029 3466 ortu

483 3487 596 3550 Triviae
610 3497 726 3550 rotetur
740 3484 816 3568 ignis
869 3493 871 3499 ’
909 3562 911 3570 y

483 3573 654 3654 volucrique
669 3574 806 3636 Phoebus
821 3591 873 3634 axe

386 3661 442 3714 5355
485 3659 619 3738 rapidum
635 3667 770 3740 pererret
787 3657 899 3720 orbem’

323 3771 389 3822 2862
408 3772 502 3840 triplici
513 3780 540 3825 et
551 3791 618 3840 quae
629 3780 758 3827 sonentur
770 3775 888 3826 ‘Arbiter
900 3773 1043 3826 Satiricon’
1055 3773 1193 3837 scripsisse
1206 3769 1307 3824 dieitur

237 3839 372 3902 cupressis
388 3844 475 3891 verbis
492 3860 509 3893 u
529 3842 671 3895 Victorino
689 3843 732 3894 IV
740 3845 789 3908 lp
791 3844 862 3895 .153
880 3843 908 3894 K.

324 3906 389 3958 2865
408 3909 514 3960 rutilum
532 3909 642 3960 Mallius
662 3910 814 3962 Tteoeorue
829 3912 845 3960 5
862 3925 890 3974 p.
902 3907 954 3960 593
973 3905 1002 3959 K
