2780 4480
571 187 711 242 Sil'l‘erlll
1135 187 1174 248 73

48 369 76 420 L
97 379 171 422 mus
186 379 242 422 nos
257 369 421 423 extremum
436 362 585 424 solacium.
616 381 698 424 nuuc
708 363 834 426 mimicis
849 364 961 425 artibus
976 364 1061 444 petiti
1075 383 1176 428 sumus

97 455 131 507 et
146 445 320 509 adumbrata
336 446 530 528 inscriptione
548 446 655 508 derisi’.

189 530 305 592 volebat
326 531 500 612 Tryphaena
519 529 669 607 misereri,
697 533 764 612 quia
791 551 852 595 non
879 541 970 594 totam
995 535 1176 614 voluptatem

96 616 285 696 perdiderat,
307 618 356 678 scd
373 617 479 678 Lichas
492 635 607 678 mernor
622 619 717 679 adhuc
730 619 833 680 uxoris
848 628 1005 699 corruptae
1019 629 1176 682 contume-

54 715 71 764 5
96 701 277 780 harumque,
293 702 412 781 quasin
427 701 563 764 Herculis
577 703 694 782 porticu
709 712 872 782 acceperat,
888 704 1006 766 turbato
1017 707 1175 766 vehemen-

96 787 162 848 tius
176 786 259 848 rultu
274 788 452 866 proclamat:
471 788 552 849 ‘deos
566 787 745 850 immortales
759 807 861 850 rerum
878 790 1075 851 humanarum
1088 809 1175 868 agere

98 890 216 947 curam,
230 881 314 951 puto,
329 872 507 948 intellexisti,
524 893 541 934 o
558 872 742 954 Tryphaena.
772 892 840 936 nam
857 875 1060 955 imprudentes
1070 875 1176 938 noxios

100 957 136 1018 in
151 965 287 1018 nostrum
302 957 446 1021 induxere
467 958 630 1036 navigium,
653 959 767 1038 etquid
783 960 938 1034 fecissent,
959 961 1178 1023 admonuerunt

100 1042 169 1121 pari
184 1043 368 1104 somniorum
385 1061 543 1108 consensu.
578 1043 617 1105 ita
631 1044 711 1119 vide,
729 1051 761 1105 ut
775 1046 871 1123 possit
884 1045 940 1107 illis
955 1046 1086 1125 ignosci,
1102 1064 1177 1125 quos

41 1139 74 1190 10
102 1128 140 1188 ad
155 1145 284 1206 poenam
305 1130 370 1207 ipsc
391 1129 464 1190 deus
479 1128 607 1190 deduxit.
655 1129 734 1208 quod
756 1131 791 1192 ad
815 1149 861 1192 me
877 1131 996 1204 attinet,
1024 1151 1085 1192 non
1112 1149 1178 1192 sum

101 1213 243 1286 crudelis,
259 1215 309 1274 sed
324 1231 438 1287 vereor,
455 1214 584 1292 nequod
600 1215 752 1288 remisero,
763 1215 877 1294 patiar’.
903 1226 961 1277 tam
975 1216 1178 1296 superstitiosa

101 1298 240 1358 oratione
266 1297 441 1378 Tryphaena
467 1307 578 1360 mutata
604 1309 693 1380 negat
717 1318 748 1362 se
774 1301 964 1380 interpellare
989 1301 1177 1381 supplicium,

99 1383 195 1444 immo
217 1384 356 1445 accedere
379 1383 465 1445 etiarn
486 1383 661 1446 iustissimae
685 1385 799 1446 ultioni.
830 1404 885 1447 nec
907 1404 938 1447 se
959 1386 1058 1448 minus
1074 1386 1178 1466 grandi

98 1475 234 1528 vexatam
250 1467 357 1529 iniuria
372 1487 459 1548 quam
475 1468 603 1544 Licham,
621 1469 705 1530 cuius
718 1470 841 1550 pudoris
856 1471 982 1550 dignitas
994 1470 1024 1530 in
1037 1472 1178 1533 contione

45 1565 75 1616 15
98 1552 268 1632 proscripta
290 1553 328 1614 sit

637 1639 653 1674 ’lt

190 1727 261 1797 mre,
278 1731 311 1783 ut
324 1731 412 1803 puto,
428 1724 579 1786 hominem
595 1743 656 1785 non
672 1725 824 1804 ignotum,
840 1724 994 1804 elegerunt
1009 1725 1044 1785 ad
1060 1725 1117 1786 hoc
1133 1726 1178 1786 cf·
1197 1719 1257 1782 107

100 1807 204 1868 ficium
231 1805 381 1890 [legatum]
404 1809 629 1888 petieruntque,
657 1821 688 1872 ut
714 1827 746 1872 se
772 1809 996 1872 reconciliarem
1021 1811 1177 1890 aliquando

101 1892 299 1954 amicissimis.
335 1893 393 1955 nisi
414 1895 490 1955 iorte
510 1895 618 1976 putatis
638 1896 760 1958 iuvenes
784 1913 853 1958 casu
872 1895 904 1956 in
920 1897 973 1958 has
987 1895 1088 1975 plagas
1102 1897 1177 1958 inci·

101 1979 190 2053 disse,
210 1997 277 2039 cum
294 1979 391 2040 omnis
405 1987 507 2040 vector
521 1980 595 2043 nihil
611 1981 694 2059 prius
710 1990 846 2060 quaerat,
863 1999 949 2060 quam
966 1981 1051 2044 cuius
1066 2001 1097 2044 sc
1112 1982 1177 2043 dili-

49 2079 78 2128 no
101 2064 221 2144 gentiae
236 2064 346 2125 credat.
375 2065 484 2126 flectite
500 2083 571 2144 ergo
594 2075 709 2128 mentes
723 2066 923 2128 satisfactione
938 2067 1061 2140 lenitas,
1083 2075 1113 2128 et
1126 2085 1178 2146 pa-

101 2147 199 2210 timini
225 2149 335 2210 liberos
355 2149 492 2212 homines
516 2151 560 2210 irc
585 2151 650 2212 sine
674 2152 797 2225 iniuria,
825 2170 884 2230 quo
907 2153 1064 2213 destinant.
1101 2152 1178 2214 saevi

103 2251 224 2313 quoque
246 2234 504 2313 implacabilesque
529 2236 640 2296 demini
666 2237 867 2297 crudelitatem
893 2255 977 2298 suam
1004 2237 1177 2316 impediunt,

102 2319 128 2380 si
143 2319 264 2398 quando
279 2320 460 2399 paenitentia
475 2319 612 2398 fugitivos
626 2320 752 2392 reduxit,
768 2329 797 2381 et
811 2321 955 2382 dediticiis
966 2321 1099 2383 hostibus
1109 2339 1179 2400 par-

103 2404 207 2466 cimus.
238 2405 310 2482 quid
332 2405 410 2467 ultra
431 2405 530 2484 petitis
549 2412 599 2465 aut
620 2404 691 2484 quid
710 2403 820 2467 vultis?
842 2405 873 2467 in
897 2413 1057 2484 conspeetu
1080 2415 1177 2467 restro

52 2503 80 2553 25
103 2489 254 2569 supplices
267 2489 363 2551 iacent
374 2491 495 2552 iuvenes
506 2490 639 2570 ingenui,
655 2491 781 2565 honesti,
798 2499 827 2550 et
842 2489 921 2569 quod
932 2498 1060 2569 utroque
1072 2499 1178 2570 poten·

103 2575 162 2636 tius
185 2583 244 2650 est,
266 2575 461 2637 familiaritate
475 2575 560 2637 robis
575 2575 732 2655 aliquando
747 2576 909 2637 coniuncti.
956 2576 980 2638 si
995 2575 1180 2638 mehercules

102 2659 342 2721 intervertissent
357 2661 513 2740 pecuniam
528 2670 669 2736 vestram,
691 2661 715 2722 si
730 2662 818 2722 iidem
833 2661 1002 2740 proditione
1016 2662 1178 2737 laesissent,

102 2745 203 2807 satiari
217 2754 317 2806 tamen
333 2747 503 2825 potuissetis
517 2747 573 2808 hae
588 2765 698 2826 poena,
721 2763 809 2825 quam
830 2746 942 2809 ridetis.
978 2747 1094 2808 servitia
1110 2765 1178 2808 ecce

103 2831 133 2891 in
150 2830 302 2892 frontibus
328 2831 449 2894 cernitis
474 2842 504 2893 et
529 2833 626 2894 vultus
652 2831 800 2910 ingenuos
824 2832 988 2893 voluntaria
1013 2850 1179 2913 poenarum

55 2927 82 2978 at
104 2915 169 2995 lege
188 2915 394 2996 proscriptos'
432 2917 628 2997 interpellavit
648 2917 890 2996 deprecationem
915 2917 1053 2997 supplicii
1074 2917 1178 2978 Lichas

104 3010 133 3062 et
148 3000 231 3062 ‘noli’
246 3001 344 3078 inquit
358 3006 485 3063 ‘eausam
501 3002 696 3076 confundere,
712 3003 768 3064 sed·
779 3003 898 3082 impone
913 3001 1038 3080 singulis
1048 3001 1178 3062 modum.

103 3104 137 3147 ac
152 3086 284 3166 priunum
306 3087 456 3159 emnium,
478 3087 503 3148 si
520 3087 599 3148 ultro
620 3096 783 3162 venerunt,
805 3105 859 3148 cur
878 3088 1025 3148 nudavere
1046 3086 1178 3148 crinibus

104 3169 223 3251 capital
247 3171 360 3232 vultum
376 3172 456 3233 enim
478 3173 528 3250 qui
546 3181 711 3252 permutat,
733 3172 866 3234 fraudem
890 3180 989 3250 parat,
1011 3189 1073 3232 non
1094 3171 1179 3233 satis-

104 3256 275 3318 factionem.
316 3256 438 3332 deinde,
461 3258 485 3319 si
511 3259 632 3336 gratiam
658 3257 792 3337 alegate
814 3256 1026 3330 moliebantur,
1048 3257 1118 3335 quid
1139 3257 1180 3317 ita

56 3351 83 3402 tt
105 3342 205 3402 omnia
227 3341 339 3416 fecisti,
361 3351 394 3403 ut
415 3346 491 3421 quos
511 3343 656 3416 tuebaris,
680 3341 900 3404 absconderes?
921 3361 957 3404 ex
980 3361 1039 3421 quo
1058 3349 1180 3422 apparet

109 3445 179 3488 casu
193 3425 333 3488 incidisse
349 3427 453 3489 noxios
468 3428 499 3489 in
511 3429 611 3507 plagas
626 3437 656 3488 et
667 3436 696 3489 te
708 3435 801 3488 artem
814 3428 970 3506 quaesisse,
987 3445 1044 3506 qua
1060 3435 1180 3489 nostrae

109 3510 372 3574 animadversionis
397 3513 540 3592 impetum
566 3512 708 3575 eluderes.
749 3530 817 3574 narn
843 3514 922 3592 quod
949 3512 1086 3574 invidiam
1107 3512 1179 3573 facis

107 3597 194 3658 nobis
206 3597 355 3676 ingenuos
365 3599 569 3676 honestosque
580 3598 741 3672 clamando,
757 3597 832 3668 vide,
849 3617 887 3659 ne
898 3597 1074 3659 deteriorem
1090 3596 1178 3657 iacias

107 3681 288 3744 confidentia
304 3700 430 3745 eausam.
460 3682 531 3762 quid
547 3682 656 3746 debent
671 3684 740 3745 laesi
755 3685 861 3758 lacere,
877 3683 928 3744 ubi
944 3683 987 3743 rei
1002 3682 1038 3742 ad
1051 3700 1177 3762 poenam

192 3889 208 3939 9
227 3884 377 3954 prosituit
395 3885 498 3936 conieci
515 3881 597 3950 pudor
614 3883 663 3949 elli
677 3886 709 3937 16
726 3886 903 3950 praemissum
921 3881 1061 3951 Eumolpus
1077 3883 1081 3952 Ι
1096 3885 1180 3951 ingra-

111 3959 164 4006 tum
181 3953 302 4008 aeratae
315 3952 324 4022 Η
337 3957 368 4007 30
387 3952 510 4021 supplicis
524 3949 578 4021 1134
592 3956 660 4018 pate
679 3953 787 4019 gratiam
805 3957 830 4005 te
848 3951 935 4020 legato
