2780 4480
547 179 737 236 serentem
912 255 915 260 Ι
1121 181 1179 242 121

97 357 183 416 ciem
193 350 353 432 Eumolpus
366 351 539 431 oheuryatnr
554 351 589 412 ol
603 350 750 432 Encolpio,
766 353 960 432 desenditnra
975 352 1084 427 Gitone,
1100 358 1184 418 cuins

93 447 189 520 poeta
211 455 338 499 omnem
360 438 504 516 consessus
524 438 608 516 soros
629 437 800 517 conteror,
823 441 922 499 eniens
943 448 1038 500 autem
1062 440 1184 502 includit

97 522 274 602 Encolpion,
289 525 340 601 qui
353 541 372 582 o
384 524 487 582 mortis
503 525 675 600 coyitotione
688 541 722 596 or
736 523 887 603 suspendio
902 536 1054 586 revocatur
1071 523 1181 587 Gitonis

102 607 266 670 blanditiis.
304 607 345 669 95
369 606 410 668 96
433 609 638 669 interveniente
660 607 831 670 deunsitore
852 612 922 669 rino
937 612 1047 681 ore'tur,
1070 613 1103 670 in
1125 629 1182 691 quo

94 703 188 774 poeto
203 711 268 752 cum
284 691 317 752 de
338 690 408 752 cello
429 709 457 752 se
476 693 674 771 proripuisset,
697 696 870 772 inspectante
893 693 1029 772 Encolpio
1054 695 1182 776 vapulat,

104 778 196 838 donec
214 785 392 856 procurator
412 775 524 837 insulae
539 793 619 856 opem
642 779 671 837 ei
696 777 799 854 edicet.
838 779 964 840 eet-99
986 778 1110 858 Ascyltos
1132 781 1184 842 od-

103 864 186 923 aenit
204 879 268 922 cum
280 877 422 941 praecone
436 878 573 940 poenotens
589 859 707 933 Getone,
723 867 773 943 qni
785 864 870 942 infra
884 863 1035 942 yrahatum
1050 875 1184 927 enteneus

103 954 267 1008 sneetantes
289 943 392 1017 eludit,
414 944 590 1025 Eumolpum
604 957 701 1007 oeetem
718 950 807 1026 pueri
822 949 1017 1027 proditionem
1039 952 1183 1011 minctum

106 1030 200 1092 Giton
215 1029 328 1101 osculis,
344 1029 471 1092 lacrimis
481 1029 635 1111 Encolpion
653 1030 806 1103 delenirem,
821 1032 1005 1094 reconciliato
1016 1037 1112 1112 pratia
1123 1033 1185 1097 En·

105 1115 218 1194 onheim
233 1133 298 1176 cum
310 1133 401 1194 puero
416 1124 443 1175 et
453 1124 540 1194 poeto
555 1116 716 1177 conscendit
731 1120 763 1177 in
777 1135 891 1179 nonan.

199 1202 260 1263 100
270 1200 366 1262 -103
388 1203 563 1280 requiescens
589 1203 620 1260 in
647 1219 720 1263 eecce
742 1200 898 1283 Encolpine
924 1203 1056 1264 incidisse
1082 1221 1111 1264 se
1138 1207 1186 1265 in-

101 1285 213 1363 telleyit
227 1287 260 1345 in
275 1292 380 1345 veteres
395 1287 540 1356 inimicos,
563 1283 678 1346 Licham
698 1290 810 1365 neoiyii
824 1288 974 1349 dominum
995 1298 1022 1367 et
1041 1286 1064 1348 T
1062 1287 1185 1367 ryphae-

101 1387 191 1441 nam,
215 1372 309 1449 itaque
329 1368 548 1431 deliherontihus
572 1388 626 1450 quo
647 1370 730 1432 modo
750 1371 911 1451 pericnlum
935 1373 1090 1453 effuyiant,
1118 1372 1185 1435 hoec

101 1454 199 1535 ploret
221 1453 343 1532 sollario
364 1462 397 1514 ut
411 1453 570 1534 Eumolpus
585 1454 744 1536 Encolpion
766 1468 793 1518 et
809 1455 913 1518 Gitona
935 1466 1074 1538 tanquam
1088 1475 1185 1519 sernas

104 1541 249 1619 supitioos
270 1537 370 1600 haheat
391 1542 466 1601 rasis
486 1539 627 1619 capitihus
648 1550 674 1601 et
689 1540 836 1618 frontibus
858 1545 1011 1621 inscriptis.
1046 1545 1184 1606 104105

105 1625 253 1686 admoniti
265 1626 377 1684 somnio
392 1635 418 1686 et
432 1641 499 1686 voce
514 1628 642 1698 vectoris,
659 1629 710 1705 qui
719 1625 858 1704 depositos
869 1629 902 1686 in
915 1644 988 1688 none
999 1627 1117 1706 capillos
1131 1643 1185 1688 eto-

102 1717 238 1789 pouerat,
253 1706 353 1768 Lichas
368 1717 394 1768 et
413 1706 582 1789 Tryphaena
601 1708 739 1790 protrahi
758 1714 863 1772 aonios
878 1729 912 1772 oc
925 1711 1074 1773 verherari
1087 1711 1185 1773 inheret

104 1801 319 1874 oynoscnntque
344 1790 512 1873 Tryphaena
536 1793 658 1866 Gitona,
684 1792 785 1857 Lichas
808 1794 976 1876 Encolpion.
1018 1797 1184 1862 106-108

104 1876 281 1958 suppliciam
296 1896 360 1939 cnm
371 1881 502 1957 primum
516 1880 719 1941 misericordia
734 1879 925 1960 Tryphaenae,
941 1881 1038 1942 du'nde
1049 1881 1187 1963 Eumolpi

102 1965 303 2043 patrocinium
318 1963 499 2042 interpellare
514 1973 684 2043 temptasset,
700 1968 731 2026 ci
744 1983 850 2027 manus
866 1969 1026 2027 conseritur
1040 1985 1073 2028 oc
1085 1985 1185 2046 payno

102 2057 242 2128 paratur,
258 2047 343 2108 donec
355 2047 531 2126 yuhernotor
546 2048 651 2110 obtinet
666 2058 699 2110 ut
713 2051 842 2112 indutiae
855 2050 939 2131 fiant.
971 2051 1029 2114 109
1047 2055 1105 2115 110
1120 2051 1183 2129 sae-

110 2135 183 2195 dera
199 2142 427 2212 componuntur,
450 2133 542 2214 epulis
563 2137 685 2216 vinoque
707 2134 878 2197 conciliatur
891 2139 987 2215 yretr'ee
1001 2146 1027 2197 et
1041 2135 1182 2210 hileritas,

104 2216 267 2296 Eumolpus
288 2235 389 2280 aereus
402 2219 471 2280 dicit
486 2218 635 2290 incohes,
658 2220 759 2300 quihus
772 2224 937 2282 restituitur
951 2220 1033 2282 decor
1047 2240 1117 2282 suus
1129 2239 1184 2301 per

106 2303 264 2381 eorymhio.
298 2305 463 2366 tto-112
478 2303 644 2365 muliebrem
660 2303 802 2366 levitatem
814 2309 1009 2384 perstrinyene
1024 2303 1185 2387 Eumolpus

102 2387 239 2468 fahnlam
261 2398 366 2449 narret
387 2387 419 2448 de
439 2397 575 2450 matrona
589 2386 718 2468 Ephesio.
758 2389 923 2452 113-115
940 2390 1008 2450 dum
1023 2393 1183 2451 conviven-

103 2483 158 2534 tur
171 2475 315 2552 variisque
329 2476 437 2534 amoris
451 2483 604 2535 mouentur
618 2473 774 2555 effectibus,
789 2477 881 2536 moris
895 2482 1044 2553 tempestas
1058 2478 1183 2554 inyruin

101 2560 219 2638 yuryite
234 2556 333 2619 Lichas
345 2556 499 2629 hauritur,
526 2556 694 2638 Tryphaena
715 2563 876 2638 imponitur
897 2558 1033 2639 scaphae,
1052 2559 1137 2622 Giton
1154 2570 1181 2622 et

104 2641 261 2722 Encolpios
275 2642 452 2706 cohaerentes
467 2643 604 2726 ampleme
619 2662 649 2704 se
662 2643 798 2722 fluctihus
813 2644 948 2717 tradunt,
970 2657 997 2706 et
1018 2645 1051 2707 hi
1069 2646 1182 2725 peidem

104 2727 266 2788 incolumes
280 2729 406 2789 evadunt
420 2727 648 2810 Eumolpumyue
662 2732 694 2789 in
710 2740 817 2790 terram
831 2728 952 2791 trahunt
965 2739 1049 2811 oeque
1064 2733 1182 2792 eiectum

105 2817 141 2873 in
157 2810 228 2872 litus
236 2809 338 2874 Lichae
353 2831 455 2892 corpses
468 2817 601 2874 miserati
612 2814 766 2892 fortunam
780 2823 962 2895 componunt.

198 2898 259 2960 116
279 2899 335 2960 111
353 2915 420 2959 cum
438 2897 565 2961 Crotona
582 2915 673 2978 prope
687 2899 821 2960 vidissent
835 2899 934 2960 nehem
948 2899 1114 2979 heredipetis
1128 2919 1182 2980 op

104 2991 185 3053 tom,
208 2983 246 3044 od
266 2980 318 3044 hoc
339 3001 428 3061 yenne
450 2992 582 3064 yeeoestus
604 2982 831 3046 sesuhormontes
845 2982 1019 3064 Eumolpum
1033 2986 1182 3046 dominum

104 3068 222 3147 focium
243 3070 293 3128 cni
313 3071 371 3148 ipsi
380 3078 518 3148 pareant,
540 3072 756 3130 mercennarius
770 3078 865 3130 autem
879 3087 963 3130 suom
977 3072 1078 3129 asserit
1093 3066 1182 3130 liher-

105 3160 204 3214 totem.
237 3153 405 3217 118-124
420 3151 580 3233 Eumolpus
595 3158 732 3215 tractanti
743 3153 895 3216 historiam
902 3164 1002 3233 poetoe
1014 3155 1182 3232 propositu-

105 3255 160 3298 rus
174 3235 338 3317 ecunptnm
350 3255 465 3300 tannen
478 3239 578 3318 fundit
591 3237 737 3301 heroicum
753 3239 785 3301 de
799 3238 870 3301 hello
893 3237 981 3300 ciuili.
1013 3239 1181 3302 124-126

106 3325 221 3384 intrent
239 3321 379 3394 Crotone,
397 3322 463 3384 haece
478 3326 581 3384 uiuunt
595 3322 736 3400 sellariis,
758 3323 914 3404 Encolpius
927 3323 972 3400 oel
985 3323 1050 3404 ficto
1065 3327 1182 3385 nomine

107 3405 268 3487 Polyaenos
300 3407 472 3470 sollicitatur
502 3407 594 3470 Circes
622 3414 797 3489 procacitate
823 3409 952 3487 feminae
980 3407 1181 3488 pulcerrimoe.

109 3493 278 3557 ter-130
294 3491 433 3573 leenynore
454 3512 505 3556 suo
525 3492 626 3556 Circen
648 3494 735 3558 laedit
756 3503 782 3556 et
796 3494 932 3575 epistulee
946 3497 1120 3556 eonoin'osae
1134 3511 1183 3554 re-

106 3578 205 3640 scribit
220 3577 307 3640 uerha
322 3581 498 3640 eoccusantia.
533 3581 589 3642 131
607 3580 666 3642 132
682 3582 787 3642 iterum
797 3579 968 3660 perducitur
978 3579 1016 3642 od
1027 3579 1182 3650 dominam,

106 3666 213 3724 iterum
236 3661 376 3743 delinquit
398 3663 528 3744 domique
549 3664 675 3726 dolorem
697 3683 783 3726 suum
808 3665 1011 3726 declamatione
1032 3673 1180 3724 eaoncrot.

109 3749 278 3812 133-136
293 3748 450 3810 medicinae
465 3766 551 3811 ronse
566 3748 669 3829 Priapi
679 3749 816 3830 templum
827 3749 976 3828 cipressus
990 3747 1025 3810 ol
1038 3747 1181 3810 Oenothea

107 3835 252 3896 secerdote
274 3836 376 3914 incipit
398 3837 499 3895 curari
519 3837 550 3894 in
576 3834 685 3896 cellula.
726 3835 891 3897 136-139
913 3851 1029 3896 socrum
1054 3851 1183 3896 anserem

108 3917 216 4000 Priapi
230 3919 332 3982 cendit
343 3935 520 3998 poenamque
535 3916 590 3980 luit
604 3938 678 3981 oure
694 3927 720 3980 et
742 3922 900 3982 curationis
913 3917 1058 3981 molestias
1072 3922 1182 3980 enitens
