2768 4480
691 153 837 207 SENECAE

381 327 438 388 iam
452 327 581 389 medium
597 345 688 388 curru
705 327 842 390 Phoebus
857 329 995 391 diviserat
1009 330 1109 392 orbem

382 422 411 473 et
425 411 549 493 propior
564 412 645 473 nocti
660 414 751 474 fessas
767 413 917 492 quatiebat
933 413 1064 476 habenas

382 496 502 576 obliquo
518 497 622 558 flexam
638 497 788 559 deducens
803 499 920 560 tramite
935 499 1048 561 lucem:

187 589 205 650 3
229 583 366 646 Claudius
393 582 520 643 animam
546 599 633 662 agere
660 583 756 663 coepit
787 601 842 644 nec
872 583 1005 645 invenire
1035 587 1145 647 exitum
1178 597 1308 666 poterat.

229 678 290 730 tum
307 667 480 741 Mercurius,
497 667 547 745 qui
563 685 683 746 semper
693 667 814 746 ingenio
827 668 891 730 eius
902 668 1063 732 delectatus
1075 678 1163 745 esset,
1183 692 1309 735 uname
1329 682 1341 729 5

229 753 325 814 tribus
340 752 441 814 Parcis
452 751 566 814 seducit
578 760 607 812 et
619 751 674 812 ait:
695 752 784 830 ‘quid,
800 753 909 814 femina
922 755 1134 830 crudelissima,
1150 757 1308 820 hominem

229 839 370 902 miserum
382 837 516 916 torqueri
527 835 660 916 pateris?
676 855 875 916 necunquam
887 846 945 899 tam
958 840 1008 900 diu
1024 839 1175 903 cruciatus
1187 843 1309 905 cesset?

229 943 326 986 annus
341 922 539 1002 sexagesimus
554 931 676 1000 quartus
688 931 740 995 est,
756 941 792 982 ex
803 941 862 1000 quo
874 941 941 984 cum
957 925 1053 985 anima
1066 924 1207 988 luctatur.
1237 930 1306 1008 quid

231 1009 300 1070 huic
326 1017 355 1069 et
380 1008 423 1068 rei
449 1007 583 1086 publicae
609 1005 743 1068 inrides?
767 1017 871 1087 patere
896 1010 1117 1072 mathematicos
1144 1012 1306 1091 aliquando

228 1112 330 1155 verum
353 1093 467 1167 dicere,
483 1091 533 1171 qui
556 1092 654 1166 illum,
671 1111 706 1152 ex
721 1110 780 1170 quo
801 1093 943 1175 princeps
963 1095 1058 1156 lactus
1079 1104 1140 1170 est,
1164 1098 1307 1159 omnihus
1327 1104 1360 1198 ¹⁰l

228 1179 331 1253 annis,
358 1176 496 1238 omnibus
518 1177 670 1239 mensibus
691 1177 829 1238 ellerunt.
866 1186 895 1239 et
921 1188 1102 1241 tamennon
1126 1190 1171 1244 est
1195 1184 1305 1244 mirum
1359 1199 1360 1236 1

229 1263 254 1325 si
269 1271 371 1325 errant
385 1270 415 1322 et
430 1262 533 1322 boram
549 1261 612 1323 eius
627 1281 714 1324 nemo
739 1262 834 1338 novit;
858 1281 947 1324 nemo
970 1265 1047 1326 enim
1071 1285 1204 1346 unquam
1221 1268 1304 1330 illum
1359 1259 1360 1320 3

230 1357 332 1410 notum
347 1347 467 1428 putavit.
496 1347 542 1408 fac
557 1347 637 1426 qnod
652 1347 818 1408 iaciendum
834 1355 892 1410 est:
1249 1383 1251 1388 ι

385 1431 477 1492 “dede
494 1432 570 1506 neci,
587 1432 691 1493 melior
704 1449 794 1493 vacua
810 1433 875 1494 sine
890 1444 994 1511 regnet
1009 1435 1039 1495 in
1055 1435 1151 1496 aula.'’

230 1518 283 1582 sed
304 1517 408 1578 Clotho
431 1521 495 1597 ‘ego
518 1517 711 1580 mehercules’
732 1517 830 1596 inquit
852 1517 1002 1597 ‘pusillum
1023 1521 1166 1600 temporis
1189 1523 1303 1584 adicere
1325 1528 1345 1576 b

230 1604 271 1666 illi
286 1601 435 1677 volebam,
450 1603 520 1663 dum
536 1603 590 1664 hos
604 1603 763 1681 pauculos,
779 1603 830 1680 qui
845 1614 1020 1683 supersunt,
1038 1605 1153 1667 civitate
1169 1608 1303 1668 donaret'

230 1723 272 1734 «-
288 1686 481 1750 constituerat
496 1686 575 1748 enim
591 1705 695 1750 omnes
711 1687 853 1760 Graecos,
871 1688 986 1764 Gallos,
1003 1689 1168 1770 Hispanos,
1185 1693 1302 1754 Britan·

232 1793 288 1836 nos
302 1780 417 1852 togatos
431 1772 530 1834 videre
545 1809 587 1818 -
602 1773 661 1834 ‘sed
685 1771 824 1851 quoniam
839 1773 935 1852 placet
950 1775 1064 1853 aliquos
1079 1777 1257 1855 peregrinos
1271 1777 1300 1838 in

230 1875 331 1920 semen
355 1856 483 1936 relinqui
504 1864 534 1917 et
549 1866 580 1918 tu
602 1857 642 1917 ita
658 1857 742 1918 iubes
758 1857 835 1931 heri,
858 1858 925 1918 hat'.
957 1861 1052 1938 aperit
1074 1870 1137 1922 tum
1153 1863 1300 1943 capsulam

232 1950 262 2003 et
276 1952 337 2003 tres
360 1943 440 2002 lusos
461 1942 587 2020 profert:
612 1959 691 2004 unus
712 1951 775 2003 erat
789 1943 949 2022 Augurini,
973 1944 1046 2006 alter
1060 1944 1176 2020 Babae,
1200 1947 1302 2008 tertius
1321 1951 1343 2000 2⁰

232 2026 353 2088 Claudii.
383 2025 456 2087 ‘hos'
471 2025 570 2104 inquit
584 2031 653 2088 ‘tres
667 2045 729 2088 uno
741 2045 820 2088 anno
837 2028 949 2106 exiguis
962 2029 1121 2092 intervallis
1133 2040 1300 2112 temporum

231 2112 339 2174 divisos
350 2111 425 2172 mori
437 2110 554 2185 iubebo,
571 2130 627 2173 nec
640 2111 722 2175 illum
737 2112 942 2174 incomitatum
954 2114 1106 2176 dimittam.
1135 2133 1197 2177 non
1213 2137 1300 2200 opor-

231 2206 274 2260 tet
294 2197 374 2259 enim
396 2214 479 2271 erim,
503 2197 553 2276 qui
575 2197 662 2258 modo
684 2217 715 2260 se
731 2205 775 2259 tot
789 2198 867 2258 milia
885 2199 1037 2259 hominum
1054 2202 1209 2279 sequeutia
1225 2203 1301 2264 ride·

231 2283 290 2359 bat,
306 2291 350 2344 tot
363 2282 581 2363 praecedentia,
597 2291 641 2344 tot
652 2282 837 2358 circumfusa,
853 2283 950 2344 subito
964 2284 1058 2346 solum
1070 2285 1199 2347 destitui.
1230 2307 1301 2348 con-

232 2376 332 2432 tentus
348 2368 404 2430 erit
419 2368 463 2429 his
478 2367 598 2430 interim
613 2367 853 2430 convictoribus?
1321 2383 1325 2394 ·

384 2454 457 2514 haec
473 2452 513 2514 ait
527 2461 557 2514 et
571 2453 651 2532 turpi
665 2453 844 2514 convolvens
859 2453 983 2514 stamina
998 2454 1062 2514 fuso

386 2537 505 2616 abrupit
518 2539 640 2600 stolidae
655 2538 763 2617 regalia
778 2548 912 2618 tempora
926 2538 1009 2598 vitae.

385 2630 415 2683 at
429 2622 567 2684 Lachesis
581 2622 715 2683 redimita
730 2641 839 2696 comas,
855 2633 957 2684 ornata
972 2623 1103 2703 capillos,

385 2705 479 2768 Pieria
495 2706 608 2768 crinem
624 2707 708 2768 lauro
723 2709 913 2788 frontemque
928 2725 1077 2770 coronans

386 2789 509 2852 candida
524 2790 560 2852 de
578 2791 663 2854 niveo
679 2791 845 2853 subtemina
859 2794 968 2854 vellere
983 2793 1072 2855 sumit

388 2876 465 2937 lelici
480 2877 659 2938 moderanda
675 2896 775 2950 mann,
792 2895 867 2956 quae
882 2879 969 2940 ducta
985 2879 1115 2940 colorem
1219 2932 1221 2940 s

387 2980 573 3042 assumpsere
588 2981 707 3025 norum.
737 2963 885 3024 mirantur
898 2982 990 3042 pensa
1006 2980 1141 3025 sorores:

389 3055 519 3109 mutatur
533 3048 598 3110 vilis
612 3049 743 3128 pretioso
758 3048 825 3110 laua
840 3048 967 3122 metallo,

388 3151 476 3194 aurea
491 3133 622 3194 lormoso
638 3134 824 3196 descendunt
838 3133 954 3194 saecula
969 3133 1027 3196 filo.

389 3236 446 3279 nec
461 3219 566 3280 modus
582 3226 627 3280 est
641 3218 706 3294 illis,
723 3218 817 3280 felicia
833 3218 939 3280 uellera
954 3218 1068 3279 ducunt

389 3310 419 3364 et
433 3303 561 3380 gaudent
575 3303 698 3383 implere
713 3322 827 3378 manus,
843 3311 914 3365 sunt
927 3303 1021 3364 dulcia
1038 3319 1139 3382 pensa.

389 3395 495 3466 sponte
510 3407 562 3450 sua
577 3388 697 3450 festinat
710 3407 786 3469 opus
802 3389 943 3467 nulloque
959 3388 1059 3449 labore

390 3472 488 3533 mollia
504 3481 641 3534 contorto
657 3475 842 3536 descendunt
856 3473 981 3535 stamina
997 3474 1072 3534 fuso.

390 3555 514 3617 vincunt
528 3557 658 3633 Tithoni,
673 3559 798 3621 vincunt
811 3568 841 3620 et
856 3559 987 3620 Nestoris
1001 3576 1105 3621 annos.

391 3639 528 3704 Phoebus
542 3642 624 3704 adest
639 3651 787 3723 cantuque
802 3644 879 3705 iuvat
893 3643 1060 3724 gaudetque
1076 3641 1183 3704 futuris
1324 3643 1343 3694 td

391 3734 419 3785 et
433 3725 527 3788 laetus
541 3745 623 3788 nunc
638 3729 750 3807 plectra
764 3737 870 3803 movet,
887 3747 969 3790 nunc
984 3746 1075 3817 pensa
1091 3726 1245 3788 ministrat.

218 3885 222 3894 ’
318 3906 338 3952 ‚l
358 3905 485 3955 cruciat-ns
501 3909 583 3956 esset:
601 3907 670 3960 exiet
682 3907 796 3959 Henetus
808 3908 817 3973 ΙΙ
832 3911 863 3960 22
876 3923 908 3960 no
923 3909 1065 3976 Wahla'ual
1079 3911 1111 3962 28
1130 3923 1224 3960 comes.
1250 3905 1304 3967 sor·
1359 3937 1360 3986 q

194 4080 646 4407 st
