2780 4480
696 127 849 218 earnem

365 335 583 416 atqueurbana
597 335 724 410 Procne,
740 352 815 413 quae
831 334 941 402 circum
957 334 1089 414 gramina
1105 335 1188 400 lusae
1279 387 1280 390 ,
1330 341 1359 392 lt

365 439 401 486 ac
417 422 525 484 molles·
536 420 627 484 violas
640 429 732 482 cantu
746 438 801 482 sua
811 421 893 484 turta
907 417 1044 486 colebant

288 549 291 554 ,
523 549 525 558 ,
587 541 590 549 v
767 524 784 563 *
1107 551 1111 558 ,

324 591 478 671 premebat
490 591 541 652 cla
556 590 686 652 resoluta
697 588 875 668 marmoreis
890 587 1056 650 cervicibus
1076 607 1201 652 aureum
1212 598 1312 652 lorum

235 684 395 758 myrtoque
408 677 526 738 llortcnti
541 675 675 754 quietum
782 672 964 738 verberabat.
986 674 1099 752 ,itaque
1113 683 1148 735 ut
1168 692 1217 737 me
1234 675 1311 751 vidit,

235 762 389 843 paululum
404 761 536 836 erubuit,
558 761 716 822 hesternae
731 759 843 821 seilicet
857 758 983 821 iniuriae
1004 775 1119 822 memor
1125 773 1136 835 ;'
1155 759 1268 823 deinde
1283 769 1336 822 uta

236 847 360 910 moretis
380 845 520 918 omnibus
541 845 705 908 secundum
726 844 897 926 invitantem
922 843 1060 917 consedi,
1082 859 1198 909 ramum
1220 865 1311 924 super

237 933 340 994 oculos
361 950 444 992 meos
465 931 580 1012 posuit,
604 940 633 990 et
655 929 738 1008 quasi
761 928 873 1008 pariete
895 928 1051 990 interiecto
1073 928 1213 991 audacior
1236 931 1310 992 laeta

237 1016 318 1097 ‘quid
334 1015 386 1078 est’
401 1016 499 1096 inquit
515 1011 705 1095 ‘paralytieel
727 1013 831 1092 ecquid
847 1013 935 1074 hodie
950 1020 1030 1074 tolus
1044 1011 1181 1076 venistil'
1204 1015 1311 1095 ‘rogas'

235 1102 357 1180 inquam
368 1119 424 1180 ego
437 1101 645 1180 ‘potiusquam
656 1096 813 1178 temptasl'
828 1098 1127 1179 tutoquccorpcrein
1141 1099 1308 1179 amplexum

235 1187 300 1248 eius
313 1186 460 1248 immissus
475 1204 536 1248 non
553 1184 750 1265 praecantatis
765 1201 859 1262 usquo
875 1183 910 1245 ad
923 1183 1310 1250 satietatem'osculis.sruor
1323 1191 1343 1240 rr

308 1299 311 1308 '
480 1301 482 1308 ’
534 1299 536 1306 ·
765 1289 781 1328 dt

152 1437 213 1500 132
234 1483 238 1488 -
318 1407 328 1521 ¹,
342 1409 554 1520 ipsa-'corporis
569 1437 789 1519 pulchritudine
810 1455 858 1502 mc
880 1436 963 1500 adse
978 1445 1103 1501 vocante
1123 1436 1261 1500 trahebat
1275 1438 1338 1498 adl

235 1533 383 1590 venerem.
413 1524 471 1586 iam
486 1524 622 1604 pluribus
638 1524 746 1586 osculis
760 1523 863 1588 collisa
878 1522 959 1584 labra
972 1522 1164 1601 crepitabant,
1178 1522 1239 1586 iam
1254 1523 1307 1584 im·

157 1666 160 1673 .
233 1609 351 1689 plicitae
366 1628 472 1674 manus
487 1628 575 1672 omne
591 1628 689 1689 genus
702 1608 811 1672 amoris
824 1607 1018 1680 invenerant,
1039 1608 1096 1672 iam
1110 1607 1229 1685 alligata
1242 1626 1306 1668 mu-

234 1704 287 1760 tuo
304 1696 416 1759 ambitu
430 1713 557 1776 corpora
572 1695 736 1758 animarum
752 1711 872 1772 quoque
888 1693 1044 1757 mixturam
1062 1694 1194 1756 lacerant

393 1812 395 1820 π
730 1815 733 1823 =
759 1797 775 1838 s

319 1946 483 2011 manifestis
506 1953 641 2008 matrona
666 1944 852 2008 contumeliis
877 1943 1028 2007 verberata
1053 1943 1172 2007 tandem
1192 1947 1236 2009 ad
1261 1946 1304 2008 ul·
1319 1953 1339 2002 15

233 2030 350 2094 tionem
367 2031 497 2092 decurrit
518 2037 661 2110 vocatque
679 2029 879 2093 cubicularios
901 2037 930 2092 et
950 2049 998 2095 me
1019 2030 1101 2094 iubet
1116 2031 1303 2096 catomidiari.

233 2133 290 2176 nec
302 2124 443 2176 contenta
453 2116 560 2177 mulier
570 2124 628 2176 tam
641 2114 721 2194 gravi
732 2113 839 2180 iniuria
851 2131 915 2178 mea
927 2123 1070 2178 convocat
1080 2133 1186 2184 omues
1196 2116 1303 2194 quasil-

232 2199 318 2264 larias
330 2200 515 2280 familiaeque
527 2200 756 2266 sordidissimam
768 2207 927 2288 partemae
939 2199 1227 2279 meoouspuiiubet.
1253 2219 1303 2281 op·

232 2305 313 2366 pono
340 2305 395 2366 ego
418 2300 524 2352 manus
543 2286 637 2350 oculis
658 2284 747 2360 meis,
769 2285 1038 2364 nullisqueelinsis
1052 2285 1214 2364 precibus,
1238 2287 1302 2365 quia

231 2370 360 2433 sciebam
376 2372 447 2450 quid
462 2372 652 2445 meruissem,
670 2369 842 2432 verberibus
863 2369 1017 2449 sputisque
1032 2370 1151 2438 obrutus
1166 2378 1250 2432 entra
1263 2371 1302 2432 ia·
1317 2375 1339 2425 ll

231 2474 322 2518 uuam
337 2456 450 2519 eiectus
465 2475 540 2518 sum.
572 2456 677 2518 eicitur
692 2465 722 2516 et
736 2455 926 2530 Proselenos,
943 2455 1062 2535 Chrysis
1076 2455 1210 2535 vapulat,
1227 2463 1301 2517 tota·

232 2558 290 2619 que
305 2540 413 2603 familia
427 2541 519 2605 tristis
533 2541 612 2604 inter
627 2559 659 2604 se
680 2548 792 2605 mussat
812 2539 1003 2619 quaeritque,
1026 2540 1093 2620 quis
1108 2539 1245 2602 dominae
1259 2541 1301 2602 hi-

230 2623 373 2698 laritatem
389 2625 558 2690 confuderit
596 2681 598 2688 ,
758 2703 774 2740 *

315 2793 414 2872 itaque
429 2791 559 2872 pensatis
574 2792 687 2859 vicibus
699 2793 864 2858 animosior
878 2793 1035 2856 verberum
1051 2802 1136 2856 notas
1151 2801 1214 2856 arte
1230 2813 1301 2857 eon-

229 2877 300 2952 texi‚
316 2897 354 2940 ne
368 2885 418 2941 aut
432 2877 597 2958 Eumolpus
612 2879 789 2942 contumelia
803 2898 868 2960 mea
890 2879 1012 2942 hilarior
1026 2880 1110 2940 lieret
1124 2888 1175 2940 aut
1188 2879 1301 2942 tristior
1315 2885 1337 2934 tt

230 2962 328 3024 Giton.
355 2959 458 3044 tquod
481 2963 576 3025 solum
598 2962 688 3042 igitur
708 2964 786 3025 salvo
811 2965 926 3044 pudore
952 2974 1102 3044 poteram,
1127 2961 1350 3046 contingerem

228 3049 400 3129 languorem
417 3048 563 3124 simulavi,
580 3049 776 3128 conditusque
791 3049 899 3110 lectulo
914 3056 1010 3109 totum
1030 3049 1129 3128 ignem
1145 3049 1256 3112 luroris
1270 3049 1298 3110 in

230 3151 293 3195 earn
314 3133 455 3208 converti,
472 3134 633 3212 quaemihi
649 3132 782 3194 omnium
797 3134 941 3215 malorum
957 3153 1045 3196 eausa
1060 3136 1171 3196 luerat:

355 3226 402 3280 ter
416 3219 547 3300 corripui
563 3217 724 3280 terribilem
740 3237 829 3278 manu
845 3218 1016 3297 bipennem,

356 3311 403 3364 ter
417 3303 584 3382 languidior
599 3303 717 3364 coliculi
732 3311 856 3383 repente
870 3303 971 3384 thyrso
1315 3305 1337 3355 ³⁰

355 3388 467 3449 ferrum
485 3387 579 3464 timui,
595 3388 675 3468 quod
690 3387 804 3466 trepido
820 3387 896 3447 malo
912 3387 997 3450 dabat
1013 3408 1109 3450 usum.

356 3491 410 3533 neo
425 3473 481 3534 iam
497 3481 639 3553 poteram,
657 3472 838 3552 quodmodo
855 3473 1004 3535 conticere
1020 3470 1145 3549 libebat;

311 3641 326 3692 2
346 3641 371 3690 et
389 3637 480 3690 molles
498 3639 602 3705 aliquot
619 3641 683 3690 libri
697 3641 701 3703 Ι
716 3653 761 3691 sna
779 3654 838 3691 sura
857 3643 904 3692 aut
916 3656 973 3693 rura
985 3638 995 3707 ll
1009 3643 1024 3692 4
1037 3643 1172 3707 myrlaque
1186 3639 1222 3708 pl
1238 3654 1298 3694 suos

225 3706 270 3773 El!
286 3710 312 3780 ll
330 3709 508 3772 praemiacum
525 3708 664 3775 Encolpius
682 3706 714 3760 de
731 3706 892 3774 Endymione
909 3706 1012 3776 pueroli
1033 3712 1062 3760 lb
1082 3707 1234 3760 exacerbata
1253 3725 1297 3760 aa·

224 3779 314 3841 percae
325 3773 337 3839 l,
352 3780 381 3826 tc
398 3779 547 3841 catorogare
561 3775 571 3842 i
583 3778 615 3832 22
629 3779 721 3841 potior
739 3776 800 3842 quid
812 3775 824 3843 ΙΙ
837 3779 869 3830 26
887 3780 989 3843 poterat
1006 3775 1048 3826 L.-
1065 3773 1214 3842 confingere
1226 3781 1298 3828 cetur

223 3841 377 3960 mendacitor
393 3841 406 3910 ll
422 3845 452 3896 27
472 3844 592 3896 simulare
610 3843 684 3909 coepi
701 3843 723 3894 L
741 3844 751 3911 i
769 3846 798 3898 31
820 3844 924 3898 hembil
946 3844 1012 3894 liber
1034 3859 1053 3896 a
1068 3842 1209 3910 Scaliger-o
1228 3861 1296 3898 com-

223 3923 340 3961 memora
353 3925 385 3962 uc
