2768 4480
474 154 782 210 APOCOLOCYNTOSIS
1105 156 1164 218 231

245 329 377 407 Ararque
393 328 541 401 dubitans,
558 348 617 408 quo
633 348 704 391 suos
719 348 825 392 cursus
842 340 918 410 agat,

245 414 350 476 tacitus
366 413 473 492 quietis
488 413 579 475 adluit
593 414 673 494 ripas
686 415 775 478 vadis.

245 507 329 560 estne
344 499 392 559 illa
407 499 495 560 tellus
510 499 631 578 spiritus
646 500 730 560 altrix
745 498 822 562 tui?’

77 591 164 650 haec
179 584 249 646 satis
264 583 396 646 animose
412 592 441 645 et
456 583 581 659 sortiter,
603 584 695 647 nihilo
710 585 810 648 minus
824 586 932 646 montis
947 604 1017 648 suae
1041 605 1102 649 non
1123 597 1167 649 est

29 682 48 730 5
76 680 115 734 et
129 671 216 732 timet
230 691 344 752 μωρου
330 665 497 766 πληγήν.
529 668 666 731 Claudius
680 678 714 731 ut
729 669 837 732 vidit
812 689 908 733 virum
919 671 1073 746 valentem,
1090 673 1164 734 ohli-

79 767 139 818 tus
154 773 302 834 nugamm
318 753 462 815 intellexit
476 754 625 815 neminem
641 755 753 816 Romae
775 754 831 818 sihi
853 774 955 835 parem
978 757 1084 832 luisse,
1107 757 1166 818 illic

81 859 154 904 non
176 839 286 901 hahere
308 858 340 901 so
363 839 440 900 idem
462 839 587 916 gratiae:
610 839 749 918 gallum
742 859 773 901 ru
796 859 888 902 suos
888 841 1049 921 terquilino
1072 842 1166 922 pluri·

81 943 175 988 mum
197 942 293 1004 posse.
338 925 436 1003 itaque
459 933 603 1003 quantum
625 925 756 1004 intellegi
778 925 884 1005 potuit,
913 926 986 988 hacc
1013 926 1092 990 visus
1122 937 1166 989 est

85 1012 207 1072 dicere:
224 1016 290 1089 ‘ego
305 1017 344 1084 te,
359 1009 518 1072 fortissime
534 1010 658 1071 deorum
672 1010 810 1085 Hercule,
826 1012 939 1091 speravi
954 1012 1026 1073 mihi
1048 1012 1166 1074 adiutu-

23 1107 56 1158 ιιι
84 1114 159 1158 rum
174 1096 250 1175 apud
267 1095 348 1169 alios,
363 1095 432 1156 etsi
448 1093 498 1172 qui
513 1113 530 1155 a
545 1113 593 1156 me
609 1103 744 1156 notorem
761 1096 898 1176 petisset,
922 1105 951 1158 te
967 1097 1009 1158 fui
1029 1097 1166 1160 nomina-

83 1191 186 1254 turus,
202 1180 252 1259 qui
267 1199 315 1242 me
330 1180 441 1260 optime
457 1180 544 1241 nosti.
575 1199 644 1241 nam
659 1181 684 1242 si
699 1181 841 1243 memoria
859 1182 985 1262 repetis,
1007 1200 1063 1261 ego
1086 1201 1165 1244 eram

87 1267 144 1346 qui
159 1265 264 1326 'l'ihuri
279 1274 346 1326 ante
362 1264 506 1344 templum
521 1274 605 1326 tuum
627 1266 673 1327 ius
694 1265 828 1328 dicebam
848 1268 917 1330 totis
939 1267 1043 1329 diebus
1064 1286 1166 1330 manse

87 1352 166 1413 lulio
181 1359 211 1412 et
226 1353 368 1429 Augusto.
398 1358 431 1411 tu
446 1350 513 1424 scis,
529 1358 673 1429 quantum
685 1351 745 1412 illic
758 1351 941 1414 miseriarum
953 1352 1081 1428 tulerim,
1098 1371 1166 1415 cum

88 1436 255 1498 causidicos
270 1435 403 1497 audirem
418 1434 495 1495 diem
512 1443 540 1495 ct
556 1443 690 1510 noctem,
714 1435 744 1496 in
760 1454 835 1514 quos
851 1437 875 1497 si
892 1437 1060 1511 incidisses,
1084 1437 1165 1499 valde

29 1527 60 1580 15
88 1522 177 1584 tortis
191 1521 261 1582 licet
274 1520 327 1580 tihi
341 1519 475 1594 videaris,
490 1518 644 1581 maluisses
659 1520 773 1582 cloacas
789 1521 907 1598 Augeae
928 1539 1073 1601 purgare:
1088 1523 1166 1583 mul-

89 1617 120 1668 to
137 1606 206 1686 plus
221 1625 276 1686 ego
292 1605 432 1666 stercoris
447 1603 577 1667 exhausi.
608 1604 659 1666 sed
676 1605 816 1683 quoniam
832 1605 908 1667 volo’

87 1783 162 1838 ‘non
175 1776 283 1837 mirum
300 1775 401 1854 quod
393 1794 424 1835 ιι
442 1775 554 1836 curiam
570 1773 713 1870 impetum
726 1773 835 1836 fecisti:
852 1775 926 1836 nihil
937 1775 989 1836 tihi
1005 1775 1155 1838 clausit
1111 1785 1164 1839 cst.
1189 1779 1207 1842 8

87 1861 179 1923 modo
201 1860 248 1921 dic
264 1859 365 1934 nohis,
388 1859 504 1939 qualem
525 1858 671 1921 deum't
634 1878 659 1920 rs
659 1868 722 1921 tum
744 1859 807 1922 lieri
826 1859 908 1922 velis.
921 1850 1166 1968 Επικούρειος

87 1941 174 2021 θεὸς
198 1964 260 2006 non
281 1952 378 2025 potest
401 1962 481 2006 esse.
508 1966 583 2008 occe
607 1934 707 2020 αὐτὸς
727 1935 899 2028 πράγματ
920 1941 985 2026 ἔχει
1008 1968 1084 2012 ουτε
1107 1939 1166 2011 dt-

30 2043 65 2094 20
89 2031 170 2107 λοις
182 2031 339 2114 παρέχει,
361 2027 500 2092 Stoicus?
516 2031 668 2140 quomodo
680 2038 779 2110 potest
766 2029 977 2094 t''“rotundus
990 2051 1100 2107 essen
1079 2034 1167 2095 utait

88 2119 184 2179 Varro
201 2115 286 2177 “sine
302 2115 407 2194 capite,
423 2115 488 2177 sinc
503 2115 695 2195 praeputio’.
671 2113 699 2160 ’t
715 2123 760 2177 est
774 2115 906 2194 aliquid
899 2136 929 2178 rn
942 2117 991 2178 illo
1005 2117 1096 2179 Stoici
1109 2118 1164 2194 dei,

87 2204 147 2264 iam
163 2201 263 2262 video:
286 2218 343 2262 nec
357 2218 410 2261 cor
425 2218 481 2261 nco
504 2207 593 2279 caput
615 2199 712 2261 hahet.
756 2200 781 2261 si
802 2201 987 2262 mehercules
1003 2220 1018 2261 a
1036 2202 1164 2264 Saturno

86 2288 212 2368 petisset
223 2286 280 2346 hoc
291 2285 479 2359 heneficium,
492 2284 576 2345 cuius
587 2301 720 2346 mensem
732 2292 794 2345 toto
806 2287 886 2346 anno
896 2284 1164 2347 celebravitSatur·

88 2373 215 2434 nalicius
226 2371 378 2450 princeps,
393 2389 454 2432 non
470 2368 585 2431 tulisset
599 2368 680 2444 illud,
696 2369 806 2431 nedum
821 2369 856 2430 ah
873 2368 950 2442 lore,
968 2387 1057 2448 quem
1069 2389 1164 2450 quan·

33 2468 63 2518 25
86 2468 151 2521 tum
168 2457 285 2537 quidem
302 2455 332 2517 in
349 2454 398 2516 illo
414 2455 479 2528 fuit,
502 2454 649 2515 damnavit
663 2454 778 2516 incesti.
815 2453 948 2516 Silanum
970 2455 1050 2516 enim
1072 2474 1164 2534 genc-

88 2561 157 2604 rnm
172 2557 259 2604 suum
276 2540 382 2603 occidit
396 2548 556 2619 propterea
572 2540 651 2618 quod
673 2543 807 2602 sororem
829 2557 928 2616 suam,
951 2540 1165 2604 festivissimam

90 2628 225 2691 omnium
236 2625 412 2706 puellarum,
424 2642 512 2704 quam
524 2643 629 2687 omnes
640 2625 786 2687 Venerem
798 2634 948 2701 vocarent,
960 2626 1062 2688 maluit
1073 2627 1164 2688 luno·

89 2731 160 2775 nem
181 2729 295 2772 vocare.
338 2710 467 2791 “quare’'
490 2709 587 2789 inquit
606 2713 736 2790 “quaero
759 2711 854 2786 enim,
877 2730 1010 2773 sororem
1033 2710 1164 2774 suam?’'

88 2799 194 2872 stulte,
210 2797 311 2859 stude:
328 2796 450 2859 Athenis
465 2795 617 2857 dimidium
633 2795 716 2872 licet,
733 2796 926 2859 Alexandriae
941 2806 1045 2859 totum.
1078 2799 1165 2877 “quia

35 2893 64 2946 ιι
87 2882 219 2945 Romae”
235 2881 335 2961 inquis
351 2884 471 2942 “mures
485 2880 578 2944 molas
600 2880 727 2960 lingunt
731 2881 748 2905 ’'
777 2882 826 2943 hic
848 2880 936 2944 nohis
959 2900 1048 2943 curva
1070 2883 1164 2944 corri-

89 2966 161 3049 get‘l
177 2967 294 3047 quidm
311 2964 448 3027 cubiculo
464 2984 518 3026 suo
534 2965 630 3038 faciat,
647 2965 750 3040 nescit,
767 2973 797 3025 et
817 2965 874 3026 iam
900 2967 992 3026 “caeli
1015 2975 1165 3028 scrutatur

87 3052 208 3136 plagas'’
216 3051 319 3114 ‘ldeus
334 3051 398 3112 fieri
412 3050 488 3112 vult:
511 3067 616 3132 parum
632 3057 677 3111 ost
697 3049 777 3128 quod
799 3049 973 3129 templum
964 3069 996 3111 ιιι
1012 3050 1165 3112 Britannia

87 3137 187 3213 hahet,
203 3137 283 3216 quod
298 3137 379 3199 hunc
394 3134 513 3196 barbari
528 3134 631 3196 colunt
646 3143 675 3196 et
689 3142 722 3196 ut
740 3135 828 3196 deum
851 3143 938 3196 orant
959 3135 1074 3221 μωροῦ
1096 3157 1164 3200 eor

91 3219 192 3287 λάτου
207 3218 347 3302 τυχεῑνῬ

35 3319 64 3370 ³5
174 3306 293 3369 tandem
309 3305 368 3366 lovi
382 3306 464 3367 venit
479 3305 509 3366 in
525 3312 665 3379 mentem,
681 3304 801 3386 privatis
815 3303 894 3365 intra
909 3304 1021 3366 curiam
1042 3323 1163 3367 moran·
1186 3304 1208 3366 9

88 3393 169 3455 tibus
191 3391 369 3454 senatoribus
390 3409 449 3452 ooo
472 3389 554 3452 licere
581 3390 759 3452 sententiam
790 3388 888 3451 dicere
917 3408 974 3450 nec
1002 3389 1162 3470 disputare.

89 3475 166 3556 ‘ego’
181 3475 279 3552 inquit
294 3478 332 3552 ίΙ).
349 3493 374 3534 c.
391 3475 575 3553 interrogare
597 3473 681 3538 vobis
698 3473 905 3572 permiseram,
928 3493 980 3538 vos
999 3493 1081 3536 mera
1101 3493 1163 3536 ma·

89 3561 167 3647 palia
182 3558 301 3620 lecistis.
328 3558 394 3620 volo
410 3567 443 3619 ut
458 3560 578 3622 semotis
594 3559 778 3640 disciplinam
791 3559 900 3622 curiae.
930 3559 977 3622 hic
994 3560 1164 3639 qualiscun-

91 3671 295 3684 ,,,....----

177 3712 208 3764 ll
227 3709 269 3778 qui
289 3708 336 3762 tihi
350 3707 360 3776 ΙΙ
375 3711 403 3762 13
417 3709 568 3762 contulerim
581 3709 590 3778 ΙΙ
605 3703 670 3763 19
654 3725 683 3761 οι
699 3727 761 3763 noca
777 3710 949 3763 Fromoodar
964 3709 968 3778 Ι
984 3726 1041 3780 arpa
1056 3728 1096 3777 μα
1110 3709 1119 3777 ΙΙ
1132 3712 1164 3763 20

91 3782 166 3834 esse?
189 3778 314 3860 rotundus
336 3792 530 3845 proposueram
548 3776 557 3845 ΙΙ
575 3781 606 3830 23
628 3778 767 3830 saturnalia
784 3778 840 3830 eius
841 3777 880 3898 ,ΙΙ
887 3781 920 3832 24
938 3778 1009 3830 illum
1050 3792 1107 3830 eum
1132 3778 1163 3830 ab

91 3850 176 3902 iovem
194 3863 237 3916 qur
255 3847 264 3916 Ι
260 3848 316 3913 Ιιθ
335 3843 430 3899 occidit
448 3861 492 3896 oro
511 3861 556 3912 per
575 3845 657 3914 quod:
683 3851 787 3926 propter
804 3860 848 3913 qur
872 3849 884 3882 ⁶>
904 3846 1012 3913 Lipsiae
1031 3844 1040 3913 ΙΙ
1058 3847 1090 3900 30
1110 3861 1165 3899 cor-

91 3919 149 3985 rigit
161 3917 171 3984 ΙΙ
185 3920 213 3970 31
235 3917 321 3969 neseio
334 3915 343 3985 ΙΙ
358 3917 390 3969 36
408 3914 492 3967 dicere
510 3914 582 3968 nefas
600 3915 702 3981 putari
708 3915 841 3982 Hooptr'us
