2780 4480
224 231 265 294 66
682 233 835 288 ΡΕΤΒΟΝΙ]

224 407 387 490 respiciens
409 408 444 469 ad
467 405 635 488 Eumolpon
659 413 686 466 ‘o
709 406 873 486 poetarum’
896 407 994 486 inquit
1017 405 1233 483 disertissime,
1267 418 1303 470 tu
1323 415 1362 467 Lo

224 491 311 556 e'ras‘l
330 500 359 554 et
373 511 435 554 non
451 493 607 554 discedunt
623 491 705 554 ocius
719 492 892 571 nequissimi
915 492 989 554 servi
1011 509 1177 571 manusque
1198 495 1304 555 conti-

224 587 298 641 nent
313 597 329 640 a
344 577 406 640 rixa
414 576 439 638 t’
845 572 849 582 '

751 682 767 720 ᾖ

306 746 311 829 Ι
331 747 564 810 ‘contubernalis
586 763 651 808 mea
674 746 875 807 mihifastum
898 746 977 807 lacit.
1010 745 1065 821 ita,
1089 745 1113 807 si
1135 763 1183 807 me
1207 765 1300 822 amas,
1323 755 1343 806 t

223 832 348 895 maledic
363 834 441 895 illam
455 831 598 907 versibus,
615 841 648 893 ut
662 832 767 893 babeat
782 830 936 910 pudorem’
1322 845 1336 894 5

752 937 769 976 a

164 999 204 1067 97
309 999 377 1062 dum
394 1001 559 1082 Eumolpus
574 1019 640 1062 cum
656 1001 779 1080 Bargate
795 1000 826 1062 iu
842 1007 957 1062 secreto
972 999 1114 1082 loquitur,
1130 1001 1223 1062 intrat
1237 1010 1302 1064 sta-

224 1088 327 1149 bulum
342 1104 449 1167 praeco
466 1105 535 1149 cum
549 1105 633 1149 servo
648 1087 770 1166 publico
786 1086 899 1164 aliaque
911 1101 982 1146 sane
994 1086 1107 1146 modica
1119 1087 1303 1165 frequentia,

223 1175 378 1252 facemque
393 1174 537 1234 fumosam
552 1171 646 1250 magis
664 1189 752 1251 quam
773 1171 900 1232 lucidam
921 1187 1063 1249 quassans
1082 1171 1157 1232 baec
1178 1174 1303 1252 procla·

224 1258 326 1320 mavit:
342 1261 428 1338 ‘puer
442 1258 472 1319 in
489 1257 596 1319 balneo
613 1257 700 1337 paulo
717 1264 785 1318 ante
802 1256 956 1329 aberravit,
975 1273 1122 1316 annorum
1142 1257 1301 1333 tircano,

225 1343 349 1422 crispus,
364 1343 470 1418 mollis,
489 1343 646 1418 formosus,
670 1342 790 1404 nomine
811 1341 909 1402 Giton.
948 1341 972 1402 si
996 1339 1062 1419 quis
1083 1359 1151 1402 eum
1171 1342 1302 1404 reddere
1321 1354 1347 1404 10

224 1437 275 1490 aut
289 1436 523 1490 commonstrare
537 1428 673 1502 voluerit,
688 1428 814 1507 accipiet
831 1443 969 1487 nummos
990 1425 1089 1487 mille’.
1125 1445 1181 1488 neo
1207 1427 1302 1507 longe

224 1532 240 1575 a
255 1531 404 1594 praecone
416 1513 548 1594 Ascyltos
563 1513 658 1575 stabat
673 1513 797 1574 amictus
812 1511 967 1573 discoloria
978 1520 1057 1572 veste
1069 1519 1157 1590 atque
1168 1511 1198 1572 in
1211 1512 1302 1574 lance

225 1606 365 1678 argentea
380 1597 522 1660 indicium
537 1605 567 1659 et
581 1598 668 1659 iidem
680 1597 874 1679 praelerebat.
904 1596 1044 1676 imperavi
1057 1595 1167 1670 Gitoni,
1183 1605 1217 1657 ut
1228 1613 1302 1678 rap-

224 1685 275 1746 tim
292 1683 445 1764 grabatum
462 1683 575 1746 subiret
590 1691 822 1761 annecteretque
836 1683 927 1761 pedes
938 1690 968 1742 et
978 1697 1084 1742 manus
1094 1681 1214 1756 institis,
1230 1684 1302 1762 qui-

224 1767 280 1831 bus
294 1770 407 1848 sponda
423 1769 557 1830 culcitam
572 1768 694 1843 ferebat,
711 1786 744 1828 ao
759 1768 802 1829 sic
818 1776 850 1828 ut
866 1767 934 1828 olim
952 1766 1050 1827 Vlixes
1061 1763 1197 1848 Cyclopis
1212 1768 1302 1829 arieti
1318 1779 1344 1830 tt

225 1854 411 1927 adhaesisset,
433 1861 568 1915 extentus
589 1854 665 1914 inira
687 1852 841 1932 grabatum
863 1851 1059 1912 scrutantium
1080 1852 1213 1913 eluderet
1234 1871 1301 1914 ma-

226 1957 292 2000 nus.
330 1957 390 1998 non
415 1945 458 1998 est
478 1946 611 1998 moratus
632 1937 721 1999 Giton
743 1936 899 2016 imperium
921 1944 1132 2016 momentoque
1154 1940 1301 2018 temporis

225 2021 351 2084 inseruit
364 2022 483 2083 vinculo
505 2041 612 2083 manus
633 2030 662 2083 et
676 2021 789 2082 Vlixem
811 2029 877 2082 astu
898 2021 1044 2082 simillimo
1065 2023 1143 2083 vicit.
1181 2041 1237 2102 ego
1260 2041 1301 2086 ne

226 2105 388 2188 suspicioni
402 2107 603 2186 relinquerem
619 2107 727 2180 locum,
743 2106 883 2167 lectulum
898 2105 1080 2168 vestimentis
1095 2107 1212 2186 implevi
1228 2110 1300 2169 uni-

226 2209 320 2272 usque
335 2191 464 2255 bominis
478 2193 631 2271 vestigium
647 2192 682 2253 ad
699 2192 833 2272 corporis
847 2191 905 2253 mei
920 2209 1091 2253 mensuram
1107 2193 1239 2272 figurari.
1315 2204 1342 2255 20

310 2278 429 2340 iuterim
451 2279 584 2360 Ascyltos
604 2287 638 2339 ut
656 2278 820 2359 pererravit
836 2295 938 2339 omnes
964 2295 1030 2338 cunr
1059 2277 1169 2338 viatore
1199 2279 1299 2353 cellas,
1378 2333 1379 2336 ,

225 2363 306 2426 venit
320 2361 357 2425 ad
380 2381 485 2439 meam,
508 2370 536 2425 et
556 2365 613 2425 boe
636 2363 755 2443 quidem
775 2363 938 2444 pleniorem
960 2379 1043 2441 spem
1064 2363 1211 2442 concepit,
1237 2383 1298 2443 quo

225 2446 393 2529 diligentius
409 2449 610 2530 oppessulatas
624 2450 738 2510 invenit
759 2450 847 2510 fores.
877 2447 1015 2527 publicus
1035 2465 1104 2508 vero
1125 2464 1227 2510 servus
1249 2449 1299 2510 in-

225 2541 339 2594 sertans
355 2534 554 2595 commissuris
569 2551 689 2596 secures
703 2533 899 2595 claustrorum
915 2531 1081 2593 llrmitatem
1097 2532 1211 2593 laxavit.
1241 2553 1298 2614 ego
1377 2577 1378 2580 ,

225 2617 259 2678 ad
281 2634 379 2696 genua
394 2617 503 2697 Ascylti
524 2618 670 2696 procubui
693 2627 722 2678 et
742 2635 797 2698 per
816 2616 988 2678 memoriam
1010 2618 1154 2679 amicitiae
1181 2637 1298 2698 perque
1314 2629 1342 2679 25

225 2703 392 2763 societatem
409 2700 593 2763 miseriarum
609 2703 696 2782 petii,
718 2711 751 2763 ut
772 2702 874 2763 saltem
890 2701 1060 2763 ostenderet
1077 2705 1209 2764 fratrem.
1241 2706 1298 2764 im·

225 2805 273 2848 mo
288 2793 322 2846 ut
335 2785 422 2846 fidem
437 2786 582 2847 baberent
596 2787 681 2848 fictae
694 2805 809 2866 preces,
825 2787 896 2848 ‘scio
910 2787 950 2848 te’
971 2787 1091 2866 inquam
1108 2790 1244 2868 ‘Ascylto
1260 2791 1296 2850 ad
1376 2841 1377 2846 ,

226 2871 419 2932 occidendum
435 2889 483 2933 me
498 2871 621 2933 venisse.
653 2890 711 2952 quo
727 2872 805 2933 enim
819 2889 938 2934 secures
949 2871 1093 2934 attulisti?
1109 2874 1208 2952 itaque
1223 2875 1296 2937 satia

224 2953 405 3018 iracundiam
435 2966 531 3018 tuam:
558 2957 687 3037 praebeo
716 2975 784 3019 ecce
813 2958 972 3031 cervicem,
995 2958 1087 3019 funde
1109 2960 1296 3038 sanguinem,

225 3058 314 3122 quern
330 3041 385 3104 sub
403 3051 558 3121 praetextu
575 3042 755 3124 quaestionis
770 3043 888 3123 petisti’.
919 3042 1057 3104 amolitur
1071 3043 1204 3124 Ascyltos
1220 3044 1296 3106 invi·
1312 3053 1341 3103 30

225 3127 302 3189 diam
317 3136 346 3188 et
360 3148 391 3190 se
406 3147 475 3190 vero
491 3127 563 3188 nibil
580 3127 656 3188 aliud
671 3145 758 3206 quam
778 3127 931 3208 bigitivum
946 3145 1033 3190 suum
1048 3128 1120 3189 dixit
1141 3144 1296 3207 quaerere,

224 3219 350 3274 mortem
366 3231 422 3274 noc
436 3213 564 3275 hominis
577 3213 752 3292 concupisse
768 3231 824 3274 nec
839 3213 989 3294 supplicis,
1009 3214 1113 3292 utique
1128 3212 1191 3275 eius
1206 3232 1297 3292 quem

166 3299 206 3361 98
224 3305 292 3377 post
306 3298 420 3359 fatalem
436 3297 527 3360 rixam
543 3296 692 3360 habuisset
706 3298 898 3359 carissimum.
929 3307 958 3359 at
972 3317 1032 3360 oon
1046 3316 1147 3360 servus
1158 3299 1297 3378 publicus

224 3388 284 3442 tam
298 3381 437 3462 languide
452 3383 519 3464 agit,
531 3385 582 3446 sed
593 3391 706 3464 raptam
718 3383 846 3462 cauponi
856 3383 1053 3445 harundinem
1070 3383 1171 3445 subter
1185 3384 1296 3446 lectum
1374 3449 1375 3452 ,

225 3466 313 3528 mittit
328 3467 485 3547 omniaque
501 3469 586 3529 etiam
602 3469 747 3530 foramina
763 3468 908 3547 parietum
923 3477 1081 3530 scrutatur.
1111 3468 1298 3531 subducebat
1313 3477 1342 3527 aa

224 3552 314 3614 Giton
330 3549 365 3613 ab
382 3553 442 3613 ictu
457 3570 566 3633 corpus
588 3563 618 3615 et
639 3554 760 3615 reducto
775 3553 959 3616 timidissime
974 3555 1079 3634 spiritu
1102 3555 1182 3635 ipsos
1204 3555 1298 3617 scini-

224 3639 298 3717 phes
314 3656 365 3700 ore
381 3638 520 3718 tangebat

224 3747 428 3759 —----
1235 3733 1254 3770 a

310 3793 325 3838 4
342 3791 525 3854 praepositum
541 3787 665 3855 Rarqates
683 3791 831 3856 procurator
849 3788 882 3841 ed
899 3787 1074 3854 Eumolpumll
1091 3792 1120 3841 ib
1141 3789 1229 3843 Vlixes
1249 3809 1297 3859 pro

225 3855 303 3906 ariete
317 3855 326 3919 l
338 3857 371 3906 22
383 3855 425 3907 bic
437 3857 608 3908 Burmannus
622 3859 626 3924 Ι
642 3857 711 3924 quod
724 3859 733 3924 ΙΙ
745 3859 778 3909 24
791 3857 970 3909 commissuras
983 3869 1071 3908 secure
1084 3857 1298 3922 Scaliger-onus:

220 3927 290 3990 puto
308 3935 423 3974 securem
438 3923 442 3988 Ι
457 3923 631 3976 infirmitatem
651 3925 661 3994 ΙΙ
679 3927 711 3977 32
729 3927 858 3990 temptavi
878 3939 926 3977 nec
944 3927 1051 3975 mortem
1068 3924 1179 3978 bominis
1204 3942 1228 3979 c.
1248 3943 1298 3982 nee

224 3990 377 4059 supplicium
390 3990 400 4056 ll
413 3993 445 4043 33
462 3991 577 4052 fortusse
594 3998 695 4058 praeter
711 3990 715 4060 l
730 3992 820 4043 babuit
