2780 4480
557 174 697 232 SATleE
1106 174 1165 235 105

41 355 67 407 L
87 350 204 432 pariter
218 355 358 417 extensos
372 346 471 428 ponis
485 347 612 428 apioque
635 348 804 422 lustrasset,
826 348 976 414 abellanas
990 359 1083 413 nuces
1098 369 1170 414 cum·

88 434 266 515 precatione
280 433 383 500 mersit
397 433 430 494 in
445 433 555 498 vinum.
593 441 622 495 et
631 433 697 498 ‚sive
711 433 742 494 in
757 451 908 500 summum
927 436 1087 515 redieram,
1108 436 1170 498 sire

90 520 298 591 subsederant,
314 517 781 586 exbocconiecturamducabat.
809 520 1170 590 neometallebatinanee

89 605 205 668 scilicet
219 622 254 664 ac
269 603 333 666 sine
348 603 476 664 medulla
489 612 628 667 ventosas
643 622 736 666 nuces
755 603 786 666 in
808 623 924 670 summo
946 625 1050 670 umore
1070 607 1170 669 consi-

53 700 69 750 5
95 700 187 765 stare,
202 705 305 768 graves
319 697 418 751 autem
434 697 464 750 et
477 689 581 769 plenas
597 689 714 768 integro
733 690 832 751 fructu
847 691 882 751 ad
899 691 956 753 ima
977 691 1085 754 deferri

624 812 641 850 a

179 874 296 937 recluso
311 882 433 955 pectore
452 876 577 936 extraxit
599 876 788 937 fartissimum
809 876 892 938 iecur
907 887 937 938 et
951 879 1022 940 inde
1035 878 1106 940 mibi
1121 879 1170 938 ltr-

92 970 161 1023 tura
183 960 335 1040 praedixit.
373 960 479 1042 immo,
509 979 548 1021 ne
572 962 650 1040 quod
672 961 829 1040 vestigium
850 962 969 1025 sceleris
992 972 1170 1043 superesset,

92 1055 189 1108 toturn
211 1061 348 1106 anserem
369 1044 530 1106 laceratum
548 1045 678 1106 verubus
700 1045 822 1106 conlixit
833 1047 993 1127 epulasque
1006 1049 1093 1110 etiam
1107 1049 1171 1109 lau·

92 1140 139 1193 tas
153 1130 243 1212 paulo
258 1137 338 1204 ante,
353 1137 387 1190 ut
401 1131 465 1209 ipsa
479 1130 605 1204 dicebat,
620 1131 754 1210 perituro
769 1131 891 1212 paravit.

43 1308 70 1360 to
180 1299 319 1362 volabant
333 1299 413 1360 inter
427 1299 500 1361 baec
514 1300 653 1380 potiones
663 1317 799 1362 meracae

182 1487 297 1566 prolert
312 1485 466 1548 Oenothea
481 1424 806 1561 scorteum*lascinnm‚
831 1486 911 1567 quod
933 1497 967 1549 ut
989 1489 1055 1550 oleo
1072 1497 1101 1549 et
1115 1488 1170 1548 rni-
1196 1487 1256 1551 138

97 1580 172 1634 nuto
195 1571 298 1651 pipere
321 1580 408 1650 atque
431 1571 542 1632 urticae
565 1572 634 1633 trito
657 1571 851 1633 circumdedit
873 1571 1002 1648 semine,
1033 1573 1172 1652 paulatim

96 1655 198 1736 coepit
210 1656 341 1718 inserere
357 1673 414 1717 ano
429 1673 505 1718 meo.

184 1825 242 1886 hoc
264 1823 466 1888 crudelissima
488 1843 563 1888 anus
586 1826 696 1906 spargit
718 1824 844 1887 subinde
866 1843 970 1888 umore
985 1825 1095 1888 lamina
1110 1845 1175 1888 mea

627 1949 644 1987 *

49 2021 77 2071 15
185 2011 326 2074 nasturcii
349 2031 453 2074 sucum
476 2030 546 2073 cum
567 2012 734 2074 habrotono
756 2013 861 2076 miscet
875 2014 1061 2095 perfusisque
1076 2013 1174 2094 ingui-

100 2097 190 2160 nibus
205 2098 279 2159 meis
294 2096 393 2159 viridis
408 2095 521 2158 urticae
544 2100 652 2160 lascem
676 2099 902 2180 comprehendit
924 2099 1082 2180 omniaque
1097 2099 1175 2164 inire

99 2181 270 2244 umbilicum
287 2183 385 2263 coepit
399 2182 479 2244 lenta
494 2201 584 2244 manu
600 2184 722 2244 caedere

625 2305 642 2344 e

185 2369 319 2434 aniculae
332 2370 467 2452 ¹quamvis
481 2370 594 2436 solutae
609 2387 691 2450 mero
714 2386 749 2430 ae
770 2367 893 2432 libidine
916 2377 1029 2444 essent,
1052 2367 1176 2430 eandem

101 2453 175 2518 viana
198 2463 316 2520 tentant
336 2464 365 2518 et
386 2453 564 2536 pen-aliquot
579 2454 659 2516 vicos
673 2461 790 2516 secutae
806 2454 971 2535 lugientem
991 2453 1114 2533 ‘prende
1129 2454 1176 2514 ln·

52 2547 81 2597 to
101 2539 174 2602 rem'
198 2539 336 2624 clamem.
373 2540 451 2602 evasi
471 2547 571 2604 tamen
598 2537 738 2616 omnibus
753 2538 858 2622 ,digitis
880 2539 959 2605 inter
980 2538 1175 2619 praeeipitem

102 2625 261 2687 decursum
276 2625 438 2688 cruentatis
1152 2667 1155 2672 ,

630 2713 649 2748 ἓ

187 2794 326 2875 ‘Chrysis
342 2813 418 2876 quae
429 2794 559 2877 priorem
571 2783 721 2861 fortunam
732 2801 812 2858 tuam
829 2794 941 2868 oderat,
957 2793 1033 2859 bane
1048 2793 1094 2856 vel
1109 2811 1177 2854 cum

103 2877 237 2962 periculo
252 2879 356 2959 capitis
371 2878 510 2961 persequi
523 2879 661 2944 destinat’
745 2909 747 2914 ·

635 3001 653 3042 t

190 3085 272 3164 ‘qnid
287 3079 356 3146 buin
371 3085 483 3145 termae
497 3091 549 3144 aut
563 3081 692 3144 Ariadne
702 3081 804 3143 habuit
818 3088 869 3152 aut
880 3079 958 3141 Leda
973 3076 1091 3140 simile?
1106 3079 1177 3158 quid

57 3176 85 3226 ne
105 3177 207 3231 contra
228 3171 306 3232 hanc
327 3170 454 3244 Helene,
486 3168 557 3248 quid
578 3168 679 3230 Venus
700 3163 822 3246 posset?
843 3165 907 3244 ipse
929 3163 1028 3238 Paris,
1057 3163 1179 3224 deamm

106 3253 282 3334 litigantium
304 3254 407 3328 iudex,
431 3254 455 3315 si
478 3254 555 3316 banc
577 3253 607 3314 in
632 3250 854 3332 comparatione
874 3249 993 3310 vidisset
1015 3257 1074 3309 tarn
1089 3257 1178 3328 petu-

105 3339 353 3416 lantibus‘ocnlls,
369 3348 399 3400 et
413 3339 548 3400 Helenen
563 3338 633 3399 buic
648 3338 787 3398 donasset
801 3343 833 3397 et
846 3335 924 3397 deas.
951 3333 1054 3396 sanem
1069 3335 1094 3396 ei
1109 3353 1178 3414 per-

106 3424 276 3488 mitteretur
286 3425 425 3488 osculnm
446 3437 567 3511 cepere,
590 3423 620 3485 si
637 3422 708 3483 illud
731 3421 857 3483 caeleate
879 3438 914 3482 ac
929 3419 1059 3482 divinum
1075 3427 1181 3500 pectus

194 3664 204 3712 l
225 3659 379 3728 avellanasll
398 3663 413 3712 3
431 3660 479 3712 hac
497 3659 643 3711 coniectura
661 3657 774 3710 dicebat:
797 3657 978 3709 Wanwon'um
995 3658 1101 3705 secutus
1118 3658 1182 3705 onte

108 3727 179 3780 edida·
196 3729 313 3780 coniecta
331 3727 450 3794 nactast
469 3726 602 3782 scotticae
620 3725 675 3778 sine
695 3724 808 3777 medulla
826 3729 853 3774 et
869 3727 883 3774 5
902 3724 1003 3789 integro
1021 3722 1105 3774 lructu
1123 3723 1183 3774 tolli

108 3798 185 3848 eset
202 3795 367 3862 Segobodiue
380 3795 426 3864 llll
455 3795 611 3852 ortisslmun
631 3793 642 3861 ΙΙ
662 3797 693 3846 te
711 3791 925 3853 enarrassem
942 3791 1034 3844 donee
1057 3805 1093 3844 on
1118 3791 1183 3843 olem

108 3861 193 3984 &aaut
208 3867 282 3918 inter
299 3865 391 3921 misem
408 3868 434 3916 et
450 3863 562 3932 perfusis
583 3867 612 3918 lb
627 3865 747 3929 potinem
759 3858 769 3929 ll
783 3863 814 3914 le
832 3862 921 3912 tenent
939 3861 1041 3912 condect·
1054 3859 1064 3924 l
1075 3862 1108 3914 26
1125 3859 1184 3912 libi·

126 3932 249 3985 ‘nandum
628 3961 631 3966 -
