2772 4476
209 191 229 248 4

202 363 329 439 Neroni;
351 361 497 441 fregitque
512 362 650 437 anulum,
673 379 712 422 ne
732 380 801 424 mox
815 361 883 423 usui
898 368 976 422 esset
996 361 1033 422 ad
1047 360 1180 422 iacienda
1193 364 1273 442 peri-

203 449 279 511 cula.
308 446 470 526 ambigenti
484 446 604 521 Neroni,
622 464 753 526 quonam
767 446 856 507 modo
872 446 1003 507 noctium
1018 463 1140 507 suarum
1153 447 1274 526 ingenia

204 539 410 605 notescerent,
431 532 555 593 offertur
570 531 638 593 Silia
659 531 848 593 matrimonio
868 531 1013 600 senatoris
1027 531 1104 592 baud
1120 531 1220 611 ignota
1243 541 1275 593 et

203 619 260 699 ipsi
275 618 310 680 ad
326 634 447 678 omnem
461 616 613 678 libidinem
629 617 738 678 adscita
750 635 785 678 ac
800 615 939 677 Petronio
956 634 1100 696 perquam
1114 617 1275 679 familiaris.

203 704 301 784 agitur
314 703 345 764 in
361 702 491 775 exilium,
505 711 645 782 tanquam
661 721 722 763 non
738 702 866 764 siluisset
883 719 958 780 quae
973 701 1084 762 viderat
1097 703 1276 781 pertulerat-

204 807 272 869 que,
288 788 410 868 proprio
426 787 503 848 odio.

293 1173 456 1240 Maerebt'us
476 1182 507 1239 in
527 1181 672 1240 somnium
687 1177 829 1259 Scipionis
849 1175 916 1250 12,
934 1174 972 1239 8.·
992 1177 1123 1240 auditum
1144 1178 1279 1239 mulcent

204 1260 285 1322 velut
299 1261 468 1323 comoediae
483 1263 583 1342 quales
597 1262 761 1324 Menander
781 1263 879 1324 eiusve
900 1263 1062 1324 imitatores
1082 1263 1209 1342 agendas
1224 1264 1277 1324 (le-

204 1346 325 1422 derunt,
339 1347 386 1407 vel
400 1355 572 1427 argumenta
587 1347 663 1409 fictis
674 1347 792 1410 casibus
806 1354 970 1409 amatorum
985 1347 1094 1408 referta
1109 1346 1217 1426 quibus
1231 1349 1280 1409 vel

205 1430 332 1494 multum
353 1449 385 1493 se
400 1430 518 1496 Arbiter
539 1432 672 1494 exercuit
692 1434 737 1494 vel
755 1432 911 1512 Apuleium
935 1450 1152 1511 nonnunquam
1173 1432 1279 1494 lusisse
1381 1505 1382 1518 χ

206 1515 357 1578 miramur.

292 1685 415 1750 loumeee
429 1685 524 1765 Lydus
539 1687 764 1790 demeremur&
765 1708 800 1750 us
813 1687 831 1749 l
845 1685 901 1750 41.Ι
883 1684 1122 1857 Τοῦἓζιὲῗξιὲς
1130 1679 1281 1849 egelulfi·

206 1767 377 1874 βενάλιος
382 1771 438 1836 καὶ
455 1769 648 1874 Πετρώνιος
671 1763 816 1836 αὐτόθεν
838 1783 914 1848 ταῖς
936 1771 989 1838 λοι

207 1851 377 1930 Sume
342 1878 402 1920 eus
418 1875 593 1941 σατυρικον
609 1853 711 1936 νόμον
725 1858 955 1940 παρέτρωσαν.
