2780 4480
660 147 814 202 Puraonu

683 321 797 383 XXVI*

311 408 353 470 sle
369 414 471 468 contra
487 423 588 484 rerum
603 416 725 468 naturae
739 425 862 468 munera
877 416 947 468 nota

354 509 459 553 coruus
473 491 596 554 maturis
611 491 746 571 frugibus
762 511 815 553 ova
830 493 929 552 refert.

311 577 353 639 sic
370 579 477 638 format
491 577 593 655 lingua
609 578 700 638 fetum
715 595 783 639 cum
805 577 929 656 protulit
942 595 1019 652 ursa,

354 671 385 723 et
398 661 488 741 piscis
503 661 585 723 nullo
602 661 721 724 iunctus
736 680 837 724 amore
852 662 937 742 parit.

256 758 271 807 t
315 747 358 809 sic
373 746 510 808 Phoebea
525 746 625 827 chelys
640 747 736 808 vinclo
752 746 881 808 resoluta
896 746 1028 825 parentis

353 831 483 893 Lucinae
498 831 605 912 tepidis
620 831 742 893 naribus
760 850 813 893 ova
830 833 916 893 fovet.

311 916 353 978 sic
369 916 433 978 sine
449 915 611 978 concubitu
625 917 713 979 textis
727 917 791 996 apis
806 916 900 978 excita
916 916 992 977 ceris

353 1002 446 1062 fervet
460 1011 490 1062 et
503 1002 606 1063 audaci
620 1001 713 1063 milite
729 1011 822 1063 castra
837 1000 940 1081 replet.

310 1105 372 1148 non
388 1104 450 1147 uno
466 1095 607 1148 contenta
621 1086 695 1148 valet
710 1094 815 1148 natura
829 1095 945 1159 tenore,

247 1179 274 1232 to
359 1171 411 1232 sed
425 1179 605 1251 permutatas
619 1171 727 1250 gaudet
741 1172 850 1233 babere
865 1170 943 1232 vices

288 1271 338 1320 boc
356 1285 463 1320 cannen
480 1274 507 1320 ct
522 1286 590 1336 quae
601 1274 729 1322 secuntur
741 1271 794 1323 duo
807 1271 933 1321 Petronio
951 1269 1081 1320 adscribit
1092 1269 1258 1336 &lgentiue
1269 1269 1279 1339 1
1347 1313 1350 1320 .

202 1340 217 1388 5
237 1336 358 1406 victoid
376 1337 495 1390 noctibus
513 1340 615 1389 conieci

677 1455 802 1519 xxvii*

308 1543 422 1624 primus
435 1544 467 1605 in
484 1543 556 1605 orbe
572 1543 643 1606 deos
657 1545 727 1605 fecit
741 1543 839 1617 timor,
855 1541 945 1603 ardua
961 1543 1042 1604 caelo

308 1629 431 1691 fulmina
446 1647 516 1690 cum
531 1630 672 1691 caderent
686 1629 876 1706 discussaque
891 1627 1007 1689 moenia
1021 1629 1147 1690 fiammis

310 1723 397 1792 atque
413 1714 490 1776 ictus
504 1715 641 1794 flagraret
656 1715 757 1788 Athos,
773 1731 842 1774 mox
858 1711 993 1774 Phoebus
1007 1713 1044 1774 ad
1059 1722 1143 1776 ortus

308 1798 429 1860 lustrata
445 1799 583 1861 devectus
598 1800 690 1860 humo
704 1799 853 1876 lunaeque
867 1807 1005 1860 senectus

250 1893 265 1942 t
308 1891 338 1944 et
351 1891 504 1962 reparatus
518 1883 624 1955 bonos,
640 1883 710 1943 binc
725 1883 809 1962 signa
824 1882 916 1944 eflusa
932 1901 987 1962 per
1001 1882 1104 1944 orbem

310 1975 339 2028 et
354 1975 539 2045 permutatus
554 1967 708 2030 disiunctis
723 1967 876 2030 mensibus
891 1986 996 2030 annos.

226 2051 229 2060 '
308 2051 435 2131 profecit
449 2052 552 2112 vitium
567 2052 683 2130 iamque
699 2069 783 2114 error
796 2051 881 2132 iussit
895 2052 992 2114 inanis

309 2136 452 2217 agricolas
467 2137 579 2217 primos
595 2136 695 2199 Cereri
710 2139 780 2198 darc
795 2137 899 2199 messis
914 2138 1052 2211 bonores,

307 2221 477 2304 palmitibus
492 2223 588 2301 plenis
603 2223 751 2284 Bacchum
765 2222 892 2296 vincire,
905 2181 1067 2302 lalemque

236 2317 265 2369 to
306 2317 459 2388 pastorum
474 2309 602 2388 gaudere
617 2326 716 2370 manu.
748 2315 828 2369 natat
843 2306 967 2369 obrutus
982 2306 1079 2368 omnis

307 2394 463 2473 Neptunus
477 2393 629 2456 demersus
644 2411 728 2474 aqua,
744 2392 897 2470 Pallasque
915 2393 1053 2454 tabernas

306 2478 442 2540 vindicat.
473 2486 502 2538 et
515 2479 574 2539 voti
589 2497 658 2540 reus
672 2487 702 2540 et
717 2477 768 2557 qui
782 2477 913 2540 vendidit
927 2477 1039 2551 orbem,

308 2563 365 2622 iam
380 2561 436 2623 sibi
452 2563 578 2640 quisque
593 2563 664 2624 deos
678 2561 760 2624 avido
777 2563 938 2624 certamine
954 2562 1039 2642 fingit

286 2662 298 2712 1
319 2660 457 2726 primus-
467 2659 544 2712 timor
562 2661 641 2712 babet
651 2661 755 2712 Statius
770 2659 848 2712 Tbeb.
861 2662 963 2714 [11661
976 2662 1014 2730 114
1033 2660 1170 2730 deiectusll
1185 2665 1201 2716 6
1217 2679 1278 2730 per-

200 2726 326 2794 mutatisn
345 2731 358 2776 t
378 2727 486 2793 proiecit
500 2726 505 2795 1
521 2731 598 2794 atque
612 2729 621 2791 11
636 2731 665 2780 lo
684 2733 758 2780 nutat
780 2729 886 2782 obrutus
904 2731 952 2782 scd
967 2747 1017 2783 acc.
1036 2746 1119 2781 manu
1137 2731 1276 2800 obruptus.

199 2797 280 2846 verba
297 2793 416 2846 nondum
433 2796 581 2860 emendato,
599 2799 730 2848 sententia
748 2795 863 2858 sortasse
881 2800 961 2849 bace:
975 2815 1027 2864 par
1040 2801 1139 2864 portur
1151 2797 1278 2867 Neptuni

198 2861 297 2927 religio
313 2865 455 2929 spargitur
471 2879 506 2914 erc
522 2862 679 2929 naufragiis
1198 2867 1201 2875 '

658 2983 798 3045 XXVIII*

306 3087 374 3130 nam
389 3069 477 3130 citius
491 3069 622 3132 flammas
636 3071 774 3132 mortales
790 3088 841 3131 ore
856 3069 1004 3131 tenebunt

304 3172 392 3233 quam
408 3162 522 3217 secreta
538 3163 648 3235 tegant.
679 3155 819 3234 quicquid
834 3154 955 3216 dimittis
969 3155 1000 3215 in
1017 3154 1091 3229 aula,

305 3239 398 3300 effluit
413 3248 443 3300 et
456 3239 560 3301 subitis
575 3239 746 3301 rumoribus
762 3239 870 3319 oppida
884 3239 990 3318 pulsat.

305 3341 362 3384 nec
377 3325 446 3385 satis
461 3325 654 3405 estrulgasse
668 3324 770 3385 fldem:
786 3325 962 3386 cumulatius
978 3324 1037 3386 exit

246 3418 261 3468 t
304 3408 480 3487 proditionis
497 3428 571 3488 opus
587 3412 752 3488 famamque
767 3426 892 3470 onerare
906 3410 1027 3471 laborat.

305 3492 347 3554 sic
362 3493 516 3554 commissa
532 3510 637 3555 verens
652 3493 753 3555 avidus
768 3508 900 3556 reserare
915 3495 1050 3556 minister

304 3577 378 3638 fodit
390 3578 514 3638 bumum
528 3579 666 3658 regisque
681 3579 805 3640 latentes
819 3578 949 3658 prodidit
962 3597 1063 3656 aures;

304 3663 442 3742 concepit
457 3681 525 3725 nam
539 3673 619 3725 terra
634 3683 725 3726 sonos
739 3663 902 3743 calamique
916 3665 1073 3744 loquentes

302 3748 443 3810 invenere
458 3747 574 3822 illdam‚
592 3750 708 3829 qualem
724 3758 894 3811 narraverat
908 3749 997 3812 Index

280 3847 295 3896 2
314 3845 427 3898 demittis
444 3847 471 3897 in
490 3863 575 3899 aurem
586 3847 723 3900 Francius
736 3849 773 3915 16
792 3849 877 3902 ferens
895 3849 981 3900 cedere
994 3849 1142 3902 Vossianus
1152 3845 1192 3914 119
1208 3863 1275 3902 con-

184 3915 299 3978 ‘ceperat
314 3913 483 3976 Fulgentius.
517 3915 580 3965 inde
598 3922 765 3983 conspexerat
782 3915 944 3967 Monotes-m
