<?xml version="1.0" encoding="UTF-8"?>
<!DOCTYPE html PUBLIC "-//W3C//DTD XHTML 1.0 Transitional//EN"
    "http://www.w3.org/TR/xhtml1/DTD/xhtml1-transitional.dtd">
<html xmlns="http://www.w3.org/1999/xhtml" xml:lang="en" lang="en">
 <head>
  <title>
</title>
<meta http-equiv="Content-Type" content="text/html;charset=utf-8" />
  <meta name='ocr-system' content='tesseract 3.04.00' />
  <meta name='ocr-capabilities' content='ocr_page ocr_carea ocr_par ocr_line ocrx_word'/>
</head>
<body>
  <div class='ocr_page' id='page_1' title='image "./satiraeetliberp00arbigoog_0075.png"; bbox 0 0 2780 4480; ppageno 0'>
   <div class='ocr_carea' id='block_1_1' title="bbox 211 177 827 270">
    <p class='ocr_par' dir='ltr' id='par_1_1' title="bbox 211 177 827 270">
     <span class='ocr_line' id='line_1_1' title="bbox 211 177 827 270; baseline 0.006 -10"><span class='ocrx_word' id='word_1_1' title='bbox 211 206 254 270; x_wconf 80' lang='lat' dir='ltr'>es</span> <span class='ocrx_word' id='word_1_2' title='bbox 476 177 483 198; x_wconf 68' lang='lat'>⁸</span> <span class='ocrx_word' id='word_1_3' title='bbox 673 209 827 264; x_wconf 86' lang='lat' dir='ltr'>eeraomi</span> 
     </span>
    </p>
   </div>
   <div class='ocr_carea' id='block_1_2' title="bbox 208 383 1333 1059">
    <p class='ocr_par' dir='ltr' id='par_1_2' title="bbox 208 383 1333 1059">
     <span class='ocr_line' id='line_1_2' title="bbox 213 383 1333 465; baseline -0.003 -19"><span class='ocrx_word' id='word_1_4' title='bbox 213 385 293 465; x_wconf 92' lang='lat' dir='ltr'>quod</span> <span class='ocrx_word' id='word_1_5' title='bbox 308 385 389 460; x_wconf 88' lang='lat' dir='ltr'>dicis,</span> <span class='ocrx_word' id='word_1_6' title='bbox 406 402 475 445; x_wconf 89' lang='lat' dir='ltr'>ecce</span> <span class='ocrx_word' id='word_1_7' title='bbox 490 383 578 445; x_wconf 90' lang='lat' dir='ltr'>etiam</span> <span class='ocrx_word' id='word_1_8' title='bbox 591 383 691 444; x_wconf 89' lang='lat' dir='ltr'>osculo</span> <span class='ocrx_word' id='word_1_9' title='bbox 707 383 781 445; x_wconf 92' lang='lat' dir='ltr'>iram</span> <span class='ocrx_word' id='word_1_10' title='bbox 796 384 877 445; x_wconf 85' lang='lat' dir='ltr'>finio.</span> <span class='ocrx_word' id='word_1_11' title='bbox 908 385 1015 464; x_wconf 86' lang='lat' dir='ltr'>itaque,</span> <span class='ocrx_word' id='word_1_12' title='bbox 1031 385 1110 464; x_wconf 88' lang='lat' dir='ltr'>quod</span> <span class='ocrx_word' id='word_1_13' title='bbox 1122 384 1199 446; x_wconf 91' lang='lat' dir='ltr'>bene</span> <span class='ocrx_word' id='word_1_14' title='bbox 1216 405 1287 448; x_wconf 85' lang='lat' dir='ltr'>ove·</span> <span class='ocrx_word' id='word_1_15' title='bbox 1310 392 1333 443; x_wconf 82' lang='lat' dir='ltr'><em>L</em></span> 
     </span>
     <span class='ocr_line' id='line_1_3' title="bbox 213 468 1288 549; baseline 0.001 -17"><span class='ocrx_word' id='word_1_16' title='bbox 213 471 290 542; x_wconf 81' lang='lat' dir='ltr'>niet,</span> <span class='ocrx_word' id='word_1_17' title='bbox 314 470 449 549; x_wconf 90' lang='lat' dir='ltr'>expedite</span> <span class='ocrx_word' id='word_1_18' title='bbox 471 468 633 530; x_wconf 87' lang='lat' dir='ltr'>sarcinulas</span> <span class='ocrx_word' id='word_1_19' title='bbox 656 477 685 529; x_wconf 89' lang='lat' dir='ltr'>et</span> <span class='ocrx_word' id='word_1_20' title='bbox 706 470 752 530; x_wconf 88' lang='lat' dir='ltr'>vel</span> <span class='ocrx_word' id='word_1_21' title='bbox 773 469 930 548; x_wconf 85' lang='lat' dir='ltr'>sequimini</span> <span class='ocrx_word' id='word_1_22' title='bbox 952 488 1000 531; x_wconf 90' lang='lat' dir='ltr'>mc</span> <span class='ocrx_word' id='word_1_23' title='bbox 1016 471 1076 543; x_wconf 85' lang='lat' dir='ltr'>vel,</span> <span class='ocrx_word' id='word_1_24' title='bbox 1099 470 1123 532; x_wconf 91' lang='lat' dir='ltr'>si</span> <span class='ocrx_word' id='word_1_25' title='bbox 1137 471 1288 546; x_wconf 82' lang='lat' dir='ltr'>mavultis,</span> 
     </span>
     <span class='ocr_line' id='line_1_4' title="bbox 211 553 1288 634; baseline 0.003 -18"><span class='ocrx_word' id='word_1_26' title='bbox 211 555 329 616; x_wconf 61' lang='lat' dir='ltr'>ducite?</span> <span class='ocrx_word' id='word_1_27' title='bbox 358 554 455 615; x_wconf 89' lang='lat' dir='ltr'>adbuc</span> <span class='ocrx_word' id='word_1_28' title='bbox 468 553 653 632; x_wconf 78' lang='lat' dir='ltr'>loquebatur,</span> <span class='ocrx_word' id='word_1_29' title='bbox 669 572 737 614; x_wconf 92' lang='lat' dir='ltr'>cum</span> <span class='ocrx_word' id='word_1_30' title='bbox 752 554 868 634; x_wconf 80' lang='lat' dir='ltr'>crepuit</span> <span class='ocrx_word' id='word_1_31' title='bbox 883 556 989 616; x_wconf 89' lang='lat' dir='ltr'>ostium</span> <span class='ocrx_word' id='word_1_32' title='bbox 1005 554 1173 634; x_wconf 85' lang='lat' dir='ltr'>impulsum,</span> <span class='ocrx_word' id='word_1_33' title='bbox 1188 557 1288 618; x_wconf 89' lang='lat' dir='ltr'>stetit-</span> 
     </span>
     <span class='ocr_line' id='line_1_5' title="bbox 212 638 1288 720; baseline 0.003 -19"><span class='ocrx_word' id='word_1_34' title='bbox 212 657 271 720; x_wconf 90' lang='lat' dir='ltr'>que</span> <span class='ocrx_word' id='word_1_35' title='bbox 286 641 315 701; x_wconf 93' lang='lat' dir='ltr'>in</span> <span class='ocrx_word' id='word_1_36' title='bbox 332 640 435 702; x_wconf 94' lang='lat' dir='ltr'>limine</span> <span class='ocrx_word' id='word_1_37' title='bbox 449 638 549 702; x_wconf 89' lang='lat' dir='ltr'>barbis</span> <span class='ocrx_word' id='word_1_38' title='bbox 564 638 756 700; x_wconf 80' lang='lat' dir='ltr'>horrentibus</span> <span class='ocrx_word' id='word_1_39' title='bbox 779 648 868 701; x_wconf 93' lang='lat' dir='ltr'>nauta</span> <span class='ocrx_word' id='word_1_40' title='bbox 891 649 920 700; x_wconf 90' lang='lat' dir='ltr'>et</span> <span class='ocrx_word' id='word_1_41' title='bbox 943 639 1085 702; x_wconf 86' lang='lat' dir='ltr'>‘moraris&#39;</span> <span class='ocrx_word' id='word_1_42' title='bbox 1100 640 1198 720; x_wconf 89' lang='lat' dir='ltr'>inquit</span> <span class='ocrx_word' id='word_1_43' title='bbox 1213 641 1288 704; x_wconf 81' lang='lat' dir='ltr'>‘llu-</span> 
     </span>
     <span class='ocr_line' id='line_1_6' title="bbox 208 724 1329 806; baseline 0 -20"><span class='ocrx_word' id='word_1_44' title='bbox 208 726 325 806; x_wconf 87' lang='lat' dir='ltr'>molpe‚</span> <span class='ocrx_word' id='word_1_45' title='bbox 349 734 488 802; x_wconf 90' lang='lat' dir='ltr'>tauquam</span> <span class='ocrx_word' id='word_1_46' title='bbox 510 725 690 804; x_wconf 87' lang='lat' dir='ltr'>propudium</span> <span class='ocrx_word' id='word_1_47' title='bbox 711 724 851 804; x_wconf 88' lang='lat' dir='ltr'>ignores’.</span> <span class='ocrx_word' id='word_1_48' title='bbox 879 725 956 787; x_wconf 91' lang='lat' dir='ltr'>haud</span> <span class='ocrx_word' id='word_1_49' title='bbox 971 743 1069 798; x_wconf 90' lang='lat' dir='ltr'>mora,</span> <span class='ocrx_word' id='word_1_50' title='bbox 1093 744 1198 787; x_wconf 89' lang='lat' dir='ltr'>omnes</span> <span class='ocrx_word' id='word_1_51' title='bbox 1213 745 1290 788; x_wconf 91' lang='lat' dir='ltr'>con·</span> <span class='ocrx_word' id='word_1_52' title='bbox 1315 738 1329 786; x_wconf 85' lang='lat'>5</span> 
     </span>
     <span class='ocr_line' id='line_1_7' title="bbox 210 808 1289 890; baseline 0.001 -17"><span class='ocrx_word' id='word_1_53' title='bbox 210 810 378 890; x_wconf 75' lang='lat' dir='ltr'>surgimus,</span> <span class='ocrx_word' id='word_1_54' title='bbox 401 817 430 870; x_wconf 92' lang='lat' dir='ltr'>et</span> <span class='ocrx_word' id='word_1_55' title='bbox 443 808 750 888; x_wconf 86' lang='lat' dir='ltr'>Eumolpusquidem</span> <span class='ocrx_word' id='word_1_56' title='bbox 773 811 1010 872; x_wconf 89' lang='lat' dir='ltr'>mercennarium</span> <span class='ocrx_word' id='word_1_57' title='bbox 1032 829 1118 871; x_wconf 91' lang='lat' dir='ltr'>sunm</span> <span class='ocrx_word' id='word_1_58' title='bbox 1140 810 1199 871; x_wconf 88' lang='lat' dir='ltr'>iam</span> <span class='ocrx_word' id='word_1_59' title='bbox 1215 812 1289 874; x_wconf 93' lang='lat' dir='ltr'>olim</span> 
     </span>
     <span class='ocr_line' id='line_1_8' title="bbox 210 895 1290 976; baseline 0.002 -20"><span class='ocrx_word' id='word_1_60' title='bbox 210 895 409 957; x_wconf 89' lang='lat' dir='ltr'>dormientem</span> <span class='ocrx_word' id='word_1_61' title='bbox 424 895 504 956; x_wconf 86' lang='lat' dir='ltr'>exire</span> <span class='ocrx_word' id='word_1_62' title='bbox 520 913 588 956; x_wconf 92' lang='lat' dir='ltr'>cum</span> <span class='ocrx_word' id='word_1_63' title='bbox 602 895 726 956; x_wconf 91' lang='lat' dir='ltr'>sarcinis</span> <span class='ocrx_word' id='word_1_64' title='bbox 741 895 832 956; x_wconf 91' lang='lat' dir='ltr'>iubet.</span> <span class='ocrx_word' id='word_1_65' title='bbox 861 913 917 975; x_wconf 85' lang='lat' dir='ltr'>ego</span> <span class='ocrx_word' id='word_1_66' title='bbox 938 913 1007 956; x_wconf 91' lang='lat' dir='ltr'>oum</span> <span class='ocrx_word' id='word_1_67' title='bbox 1022 895 1130 956; x_wconf 84' lang='lat' dir='ltr'>Gitone</span> <span class='ocrx_word' id='word_1_68' title='bbox 1145 896 1290 976; x_wconf 93' lang='lat' dir='ltr'>quicquid</span> 
     </span>
     <span class='ocr_line' id='line_1_9' title="bbox 212 979 1174 1059; baseline -0.001 -17"><span class='ocrx_word' id='word_1_69' title='bbox 212 990 285 1054; x_wconf 84' lang='lat' dir='ltr'>erat,</span> <span class='ocrx_word' id='word_1_70' title='bbox 302 980 333 1041; x_wconf 91' lang='lat' dir='ltr'>in</span> <span class='ocrx_word' id='word_1_71' title='bbox 348 980 406 1040; x_wconf 89' lang='lat' dir='ltr'>iter</span> <span class='ocrx_word' id='word_1_72' title='bbox 421 997 569 1059; x_wconf 91' lang='lat' dir='ltr'>compono</span> <span class='ocrx_word' id='word_1_73' title='bbox 585 988 615 1040; x_wconf 89' lang='lat' dir='ltr'>et</span> <span class='ocrx_word' id='word_1_74' title='bbox 630 980 757 1042; x_wconf 88' lang='lat' dir='ltr'>adoratis</span> <span class='ocrx_word' id='word_1_75' title='bbox 771 980 917 1042; x_wconf 86' lang='lat' dir='ltr'>sideribus</span> <span class='ocrx_word' id='word_1_76' title='bbox 932 981 1011 1042; x_wconf 89' lang='lat' dir='ltr'>intro</span> <span class='ocrx_word' id='word_1_77' title='bbox 1027 979 1174 1059; x_wconf 82' lang='lat' dir='ltr'>navigium</span> 
     </span>
    </p>
   </div>
   <div class='ocr_carea' id='block_1_3' title="bbox 747 1104 763 1142">
    <p class='ocr_par' dir='ltr' id='par_1_3' title="bbox 747 1104 763 1142">
     <span class='ocr_line' id='line_1_10' title="bbox 747 1104 763 1142; baseline 0 0"><span class='ocrx_word' id='word_1_78' title='bbox 747 1104 763 1142; x_wconf 76' lang='lat' dir='ltr'>a</span> 
     </span>
    </p>
   </div>
   <div class='ocr_carea' id='block_1_4' title="bbox 136 1183 1343 3732">
    <p class='ocr_par' dir='ltr' id='par_1_4' title="bbox 136 1183 1341 2028">
     <span class='ocr_line' id='line_1_11' title="bbox 136 1183 1287 1264; baseline 0.003 -21"><span class='ocrx_word' id='word_1_79' title='bbox 136 1183 221 1244; x_wconf 77' lang='lat'>100·</span> <span class='ocrx_word' id='word_1_80' title='bbox 299 1184 465 1246; x_wconf 85' lang='lat' dir='ltr'>‘molestum</span> <span class='ocrx_word' id='word_1_81' title='bbox 489 1191 533 1246; x_wconf 92' lang='lat' dir='ltr'>est</span> <span class='ocrx_word' id='word_1_82' title='bbox 548 1184 626 1264; x_wconf 92' lang='lat' dir='ltr'>quod</span> <span class='ocrx_word' id='word_1_83' title='bbox 641 1203 718 1264; x_wconf 91' lang='lat' dir='ltr'>puer</span> <span class='ocrx_word' id='word_1_84' title='bbox 729 1185 839 1264; x_wconf 87' lang='lat' dir='ltr'>hospiti</span> <span class='ocrx_word' id='word_1_85' title='bbox 854 1183 960 1264; x_wconf 89' lang='lat' dir='ltr'>placet.</span> <span class='ocrx_word' id='word_1_86' title='bbox 990 1183 1059 1263; x_wconf 91' lang='lat' dir='ltr'>quid</span> <span class='ocrx_word' id='word_1_87' title='bbox 1081 1183 1201 1246; x_wconf 84' lang='lat' dir='ltr'>autem?</span> <span class='ocrx_word' id='word_1_88' title='bbox 1224 1206 1287 1248; x_wconf 90' lang='lat' dir='ltr'>oon</span> 
     </span>
     <span class='ocr_line' id='line_1_12' title="bbox 214 1266 1341 1351; baseline 0 -21"><span class='ocrx_word' id='word_1_89' title='bbox 214 1285 371 1331; x_wconf 91' lang='lat' dir='ltr'>commune</span> <span class='ocrx_word' id='word_1_90' title='bbox 390 1277 449 1343; x_wconf 83' lang='lat' dir='ltr'>est,</span> <span class='ocrx_word' id='word_1_91' title='bbox 471 1270 549 1348; x_wconf 91' lang='lat' dir='ltr'>qued</span> <span class='ocrx_word' id='word_1_92' title='bbox 573 1275 678 1331; x_wconf 89' lang='lat' dir='ltr'>natura</span> <span class='ocrx_word' id='word_1_93' title='bbox 700 1271 843 1351; x_wconf 91' lang='lat' dir='ltr'>optimum</span> <span class='ocrx_word' id='word_1_94' title='bbox 862 1266 952 1330; x_wconf 83' lang='lat' dir='ltr'>lecit?</span> <span class='ocrx_word' id='word_1_95' title='bbox 975 1269 1177 1331; x_wconf 89' lang='lat' dir='ltr'>solemnibus</span> <span class='ocrx_word' id='word_1_96' title='bbox 1198 1271 1290 1332; x_wconf 87' lang='lat' dir='ltr'>lucet.</span> <span class='ocrx_word' id='word_1_97' title='bbox 1316 1281 1341 1331; x_wconf 87' lang='lat' dir='ltr'>ta</span> 
     </span>
     <span class='ocr_line' id='line_1_13' title="bbox 212 1351 1289 1436; baseline 0 -18"><span class='ocrx_word' id='word_1_98' title='bbox 212 1355 284 1419; x_wconf 89' lang='lat' dir='ltr'>luna</span> <span class='ocrx_word' id='word_1_99' title='bbox 299 1353 565 1416; x_wconf 83' lang='lat' dir='ltr'>innumerabilibus</span> <span class='ocrx_word' id='word_1_100' title='bbox 581 1355 716 1416; x_wconf 89' lang='lat' dir='ltr'>comitata</span> <span class='ocrx_word' id='word_1_101' title='bbox 731 1354 877 1417; x_wconf 89' lang='lat' dir='ltr'>sideribus</span> <span class='ocrx_word' id='word_1_102' title='bbox 893 1351 979 1414; x_wconf 88' lang='lat' dir='ltr'>etiam</span> <span class='ocrx_word' id='word_1_103' title='bbox 994 1355 1071 1416; x_wconf 87' lang='lat' dir='ltr'>feras</span> <span class='ocrx_word' id='word_1_104' title='bbox 1086 1355 1167 1416; x_wconf 91' lang='lat' dir='ltr'>ducit</span> <span class='ocrx_word' id='word_1_105' title='bbox 1182 1357 1217 1416; x_wconf 93' lang='lat' dir='ltr'>ad</span> <span class='ocrx_word' id='word_1_106' title='bbox 1234 1375 1289 1436; x_wconf 94' lang='lat' dir='ltr'>pa·</span> 
     </span>
     <span class='ocr_line' id='line_1_14' title="bbox 213 1437 1289 1520; baseline 0.002 -19"><span class='ocrx_word' id='word_1_107' title='bbox 213 1439 325 1501; x_wconf 89' lang='lat' dir='ltr'>bulum.</span> <span class='ocrx_word' id='word_1_108' title='bbox 356 1439 426 1518; x_wconf 89' lang='lat' dir='ltr'>quid</span> <span class='ocrx_word' id='word_1_109' title='bbox 441 1440 524 1519; x_wconf 91' lang='lat' dir='ltr'>aquis</span> <span class='ocrx_word' id='word_1_110' title='bbox 540 1440 597 1500; x_wconf 94' lang='lat' dir='ltr'>dici</span> <span class='ocrx_word' id='word_1_111' title='bbox 612 1440 770 1502; x_wconf 83' lang='lat' dir='ltr'>formosius</span> <span class='ocrx_word' id='word_1_112' title='bbox 784 1437 905 1520; x_wconf 77' lang='lat' dir='ltr'>potest?</span> <span class='ocrx_word' id='word_1_113' title='bbox 926 1439 956 1499; x_wconf 93' lang='lat' dir='ltr'>in</span> <span class='ocrx_word' id='word_1_114' title='bbox 972 1438 1092 1518; x_wconf 92' lang='lat' dir='ltr'>publico</span> <span class='ocrx_word' id='word_1_115' title='bbox 1108 1446 1207 1502; x_wconf 92' lang='lat' dir='ltr'>tamen</span> <span class='ocrx_word' id='word_1_116' title='bbox 1225 1460 1289 1503; x_wconf 89' lang='lat' dir='ltr'>ma·</span> 
     </span>
     <span class='ocr_line' id='line_1_15' title="bbox 214 1524 1289 1607; baseline 0.002 -21"><span class='ocrx_word' id='word_1_117' title='bbox 214 1533 295 1587; x_wconf 92' lang='lat' dir='ltr'>nant.</span> <span class='ocrx_word' id='word_1_118' title='bbox 334 1525 413 1586; x_wconf 91' lang='lat' dir='ltr'>solus</span> <span class='ocrx_word' id='word_1_119' title='bbox 440 1543 511 1607; x_wconf 90' lang='lat' dir='ltr'>ergo</span> <span class='ocrx_word' id='word_1_120' title='bbox 537 1543 620 1586; x_wconf 91' lang='lat' dir='ltr'>amor</span> <span class='ocrx_word' id='word_1_121' title='bbox 645 1526 757 1586; x_wconf 88' lang='lat' dir='ltr'>lurtum</span> <span class='ocrx_word' id='word_1_122' title='bbox 782 1524 881 1606; x_wconf 90' lang='lat' dir='ltr'>potius</span> <span class='ocrx_word' id='word_1_123' title='bbox 907 1542 994 1602; x_wconf 89' lang='lat' dir='ltr'>quam</span> <span class='ocrx_word' id='word_1_124' title='bbox 1020 1525 1182 1604; x_wconf 89' lang='lat' dir='ltr'>praemium</span> <span class='ocrx_word' id='word_1_125' title='bbox 1210 1525 1289 1588; x_wconf 86' lang='lat' dir='ltr'>erit‘l</span> 
     </span>
     <span class='ocr_line' id='line_1_16' title="bbox 213 1608 1288 1689; baseline 0.003 -19"><span class='ocrx_word' id='word_1_126' title='bbox 213 1610 302 1671; x_wconf 92' lang='lat' dir='ltr'>immo</span> <span class='ocrx_word' id='word_1_127' title='bbox 330 1628 399 1671; x_wconf 87' lang='lat' dir='ltr'>vero</span> <span class='ocrx_word' id='word_1_128' title='bbox 425 1610 493 1671; x_wconf 92' lang='lat' dir='ltr'>uolo</span> <span class='ocrx_word' id='word_1_129' title='bbox 515 1610 625 1671; x_wconf 90' lang='lat' dir='ltr'>habere</span> <span class='ocrx_word' id='word_1_130' title='bbox 651 1608 745 1685; x_wconf 92' lang='lat' dir='ltr'>bona,</span> <span class='ocrx_word' id='word_1_131' title='bbox 773 1609 829 1672; x_wconf 92' lang='lat' dir='ltr'>nisi</span> <span class='ocrx_word' id='word_1_132' title='bbox 853 1608 960 1689; x_wconf 91' lang='lat' dir='ltr'>quihus</span> <span class='ocrx_word' id='word_1_133' title='bbox 985 1610 1113 1689; x_wconf 92' lang='lat' dir='ltr'>populus</span> <span class='ocrx_word' id='word_1_134' title='bbox 1139 1610 1288 1673; x_wconf 85' lang='lat' dir='ltr'>inviderit.</span> 
     </span>
     <span class='ocr_line' id='line_1_17' title="bbox 214 1694 1340 1776; baseline 0.002 -21"><span class='ocrx_word' id='word_1_135' title='bbox 214 1715 309 1769; x_wconf 77' lang='lat' dir='ltr'>unuS,</span> <span class='ocrx_word' id='word_1_136' title='bbox 333 1704 363 1758; x_wconf 91' lang='lat' dir='ltr'>et</span> <span class='ocrx_word' id='word_1_137' title='bbox 377 1713 483 1768; x_wconf 88' lang='lat' dir='ltr'>senex,</span> <span class='ocrx_word' id='word_1_138' title='bbox 506 1714 567 1756; x_wconf 94' lang='lat' dir='ltr'>non</span> <span class='ocrx_word' id='word_1_139' title='bbox 585 1695 640 1757; x_wconf 90' lang='lat' dir='ltr'>erit</span> <span class='ocrx_word' id='word_1_140' title='bbox 655 1697 766 1776; x_wconf 83' lang='lat' dir='ltr'>gravis3</span> <span class='ocrx_word' id='word_1_141' title='bbox 789 1695 874 1756; x_wconf 87' lang='lat' dir='ltr'>etiam</span> <span class='ocrx_word' id='word_1_142' title='bbox 890 1712 957 1755; x_wconf 93' lang='lat' dir='ltr'>cum</span> <span class='ocrx_word' id='word_1_143' title='bbox 972 1694 1097 1757; x_wconf 85' lang='lat' dir='ltr'>voluerit</span> <span class='ocrx_word' id='word_1_144' title='bbox 1112 1695 1222 1774; x_wconf 91' lang='lat' dir='ltr'>aliquid</span> <span class='ocrx_word' id='word_1_145' title='bbox 1237 1716 1289 1760; x_wconf 94' lang='lat' dir='ltr'>su·</span> <span class='ocrx_word' id='word_1_146' title='bbox 1313 1706 1340 1757; x_wconf 83' lang='lat'>15</span> 
     </span>
     <span class='ocr_line' id='line_1_18' title="bbox 213 1779 1289 1860; baseline 0.003 -19"><span class='ocrx_word' id='word_1_147' title='bbox 213 1799 312 1853; x_wconf 88' lang='lat' dir='ltr'>mere,</span> <span class='ocrx_word' id='word_1_148' title='bbox 332 1798 407 1860; x_wconf 91' lang='lat' dir='ltr'>epus</span> <span class='ocrx_word' id='word_1_149' title='bbox 422 1780 554 1841; x_wconf 91' lang='lat' dir='ltr'>anhelitu</span> <span class='ocrx_word' id='word_1_150' title='bbox 568 1781 694 1859; x_wconf 84' lang='lat' dir='ltr'>prodet&#39;</span> <span class='ocrx_word' id='word_1_151' title='bbox 725 1782 797 1841; x_wconf 78' lang='lat' dir='ltr'>haec</span> <span class='ocrx_word' id='word_1_152' title='bbox 813 1788 845 1841; x_wconf 93' lang='lat' dir='ltr'>ut</span> <span class='ocrx_word' id='word_1_153' title='bbox 860 1780 938 1840; x_wconf 82' lang='lat' dir='ltr'>inira</span> <span class='ocrx_word' id='word_1_154' title='bbox 953 1779 1090 1840; x_wconf 85' lang='lat' dir='ltr'>fiduciam</span> <span class='ocrx_word' id='word_1_155' title='bbox 1104 1781 1191 1860; x_wconf 94' lang='lat' dir='ltr'>posui</span> <span class='ocrx_word' id='word_1_156' title='bbox 1207 1782 1289 1844; x_wconf 83' lang='lat' dir='ltr'>frau-</span> 
     </span>
     <span class='ocr_line' id='line_1_19' title="bbox 214 1864 1289 1944; baseline 0.003 -18"><span class='ocrx_word' id='word_1_157' title='bbox 214 1866 336 1944; x_wconf 88' lang='lat' dir='ltr'>davique</span> <span class='ocrx_word' id='word_1_158' title='bbox 360 1864 491 1924; x_wconf 89' lang='lat' dir='ltr'>animum</span> <span class='ocrx_word' id='word_1_159' title='bbox 517 1865 723 1938; x_wconf 82' lang='lat' dir='ltr'>dissidentem,</span> <span class='ocrx_word' id='word_1_160' title='bbox 750 1865 835 1944; x_wconf 91' lang='lat' dir='ltr'>coepi</span> <span class='ocrx_word' id='word_1_161' title='bbox 858 1882 996 1925; x_wconf 90' lang='lat' dir='ltr'>somnum</span> <span class='ocrx_word' id='word_1_162' title='bbox 1024 1865 1130 1926; x_wconf 90' lang='lat' dir='ltr'>obruto</span> <span class='ocrx_word' id='word_1_163' title='bbox 1153 1867 1289 1929; x_wconf 89' lang='lat' dir='ltr'>tunicula</span> 
     </span>
     <span class='ocr_line' id='line_1_20' title="bbox 215 1949 457 2028; baseline -0.004 -19"><span class='ocrx_word' id='word_1_164' title='bbox 215 1949 309 2028; x_wconf 86' lang='lat' dir='ltr'>capite</span> <span class='ocrx_word' id='word_1_165' title='bbox 330 1949 457 2010; x_wconf 90' lang='lat' dir='ltr'>mentiri.</span> 
     </span>
    </p>

    <p class='ocr_par' dir='ltr' id='par_1_5' title="bbox 160 2033 1343 3307">
     <span class='ocr_line' id='line_1_21' title="bbox 300 2033 1289 2113; baseline 0.004 -18"><span class='ocrx_word' id='word_1_166' title='bbox 300 2033 352 2095; x_wconf 91' lang='lat' dir='ltr'>sed</span> <span class='ocrx_word' id='word_1_167' title='bbox 374 2041 498 2112; x_wconf 90' lang='lat' dir='ltr'>repente</span> <span class='ocrx_word' id='word_1_168' title='bbox 524 2033 606 2113; x_wconf 92' lang='lat' dir='ltr'>quasi</span> <span class='ocrx_word' id='word_1_169' title='bbox 629 2033 798 2095; x_wconf 82' lang='lat' dir='ltr'>destruente</span> <span class='ocrx_word' id='word_1_170' title='bbox 825 2033 943 2094; x_wconf 87' lang='lat' dir='ltr'>lortnna</span> <span class='ocrx_word' id='word_1_171' title='bbox 971 2036 1165 2097; x_wconf 90' lang='lat' dir='ltr'>constantiam</span> <span class='ocrx_word' id='word_1_172' title='bbox 1192 2055 1289 2099; x_wconf 90' lang='lat' dir='ltr'>meam</span> 
     </span>
     <span class='ocr_line' id='line_1_22' title="bbox 216 2119 1340 2202; baseline 0.003 -23"><span class='ocrx_word' id='word_1_173' title='bbox 216 2119 358 2180; x_wconf 89' lang='lat' dir='ltr'>eiusmodi</span> <span class='ocrx_word' id='word_1_174' title='bbox 373 2137 427 2179; x_wconf 84' lang='lat' dir='ltr'>vox</span> <span class='ocrx_word' id='word_1_175' title='bbox 444 2137 534 2198; x_wconf 89' lang='lat' dir='ltr'>super</span> <span class='ocrx_word' id='word_1_176' title='bbox 549 2127 732 2180; x_wconf 88' lang='lat' dir='ltr'>constratum</span> <span class='ocrx_word' id='word_1_177' title='bbox 746 2119 854 2199; x_wconf 92' lang='lat' dir='ltr'>puppis</span> <span class='ocrx_word' id='word_1_178' title='bbox 870 2121 1054 2197; x_wconf 82' lang='lat' dir='ltr'>congemuit:</span> <span class='ocrx_word' id='word_1_179' title='bbox 1078 2126 1158 2202; x_wconf 84' lang='lat' dir='ltr'>‘ergo</span> <span class='ocrx_word' id='word_1_180' title='bbox 1174 2140 1222 2184; x_wconf 92' lang='lat' dir='ltr'>me</span> <span class='ocrx_word' id='word_1_181' title='bbox 1238 2123 1290 2184; x_wconf 91' lang='lat' dir='ltr'>de·</span> <span class='ocrx_word' id='word_1_182' title='bbox 1312 2132 1340 2182; x_wconf 79' lang='lat'>20</span> 
     </span>
     <span class='ocr_line' id='line_1_23' title="bbox 214 2201 1289 2284; baseline 0.007 -20"><span class='ocrx_word' id='word_1_183' title='bbox 214 2201 311 2265; x_wconf 77' lang='lat' dir='ltr'>risit‘l’</span> <span class='ocrx_word' id='word_1_184' title='bbox 335 2211 364 2264; x_wconf 91' lang='lat' dir='ltr'>et</span> <span class='ocrx_word' id='word_1_185' title='bbox 386 2204 458 2266; x_wconf 91' lang='lat' dir='ltr'>haec</span> <span class='ocrx_word' id='word_1_186' title='bbox 481 2203 599 2282; x_wconf 92' lang='lat' dir='ltr'>quidem</span> <span class='ocrx_word' id='word_1_187' title='bbox 620 2204 710 2266; x_wconf 89' lang='lat' dir='ltr'>virilis</span> <span class='ocrx_word' id='word_1_188' title='bbox 732 2212 760 2265; x_wconf 93' lang='lat' dir='ltr'>et</span> <span class='ocrx_word' id='word_1_189' title='bbox 780 2221 874 2284; x_wconf 92' lang='lat' dir='ltr'>paene</span> <span class='ocrx_word' id='word_1_190' title='bbox 895 2204 1017 2266; x_wconf 91' lang='lat' dir='ltr'>auribus</span> <span class='ocrx_word' id='word_1_191' title='bbox 1038 2207 1111 2268; x_wconf 93' lang='lat' dir='ltr'>meis</span> <span class='ocrx_word' id='word_1_192' title='bbox 1137 2208 1289 2271; x_wconf 79' lang='lat' dir='ltr'>familiaris</span> 
     </span>
     <span class='ocr_line' id='line_1_24' title="bbox 216 2289 1289 2371; baseline 0.006 -21"><span class='ocrx_word' id='word_1_193' title='bbox 216 2289 346 2351; x_wconf 91' lang='lat' dir='ltr'>animum</span> <span class='ocrx_word' id='word_1_194' title='bbox 380 2289 572 2371; x_wconf 83' lang='lat' dir='ltr'>palpitantem</span> <span class='ocrx_word' id='word_1_195' title='bbox 599 2289 752 2368; x_wconf 86' lang='lat' dir='ltr'>percussit.</span> <span class='ocrx_word' id='word_1_196' title='bbox 794 2296 925 2352; x_wconf 89' lang='lat' dir='ltr'>ceterum</span> <span class='ocrx_word' id='word_1_197' title='bbox 955 2289 1055 2351; x_wconf 87' lang='lat' dir='ltr'>eadem</span> <span class='ocrx_word' id='word_1_198' title='bbox 1083 2291 1289 2371; x_wconf 82' lang='lat' dir='ltr'>indignatione</span> 
     </span>
     <span class='ocr_line' id='line_1_25' title="bbox 160 2375 1289 2455; baseline 0.004 -20"><span class='ocrx_word' id='word_1_199' title='bbox 160 2445 164 2452; x_wconf 31' lang='lat'>¹</span> <span class='ocrx_word' id='word_1_200' title='bbox 215 2375 322 2436; x_wconf 84' lang='lat' dir='ltr'>mulier</span> <span class='ocrx_word' id='word_1_201' title='bbox 335 2375 461 2436; x_wconf 86' lang='lat' dir='ltr'>lacerata</span> <span class='ocrx_word' id='word_1_202' title='bbox 476 2375 600 2437; x_wconf 89' lang='lat' dir='ltr'>ulterius</span> <span class='ocrx_word' id='word_1_203' title='bbox 616 2375 772 2437; x_wconf 85' lang='lat' dir='ltr'>excanduit</span> <span class='ocrx_word' id='word_1_204' title='bbox 787 2384 816 2436; x_wconf 89' lang='lat' dir='ltr'>et</span> <span class='ocrx_word' id='word_1_205' title='bbox 830 2375 863 2437; x_wconf 85' lang='lat' dir='ltr'>‘si</span> <span class='ocrx_word' id='word_1_206' title='bbox 886 2376 952 2455; x_wconf 90' lang='lat' dir='ltr'>quis</span> <span class='ocrx_word' id='word_1_207' title='bbox 967 2375 1039 2437; x_wconf 91' lang='lat' dir='ltr'>deus</span> <span class='ocrx_word' id='word_1_208' title='bbox 1054 2376 1190 2440; x_wconf 91' lang='lat' dir='ltr'>manibus</span> <span class='ocrx_word' id='word_1_209' title='bbox 1205 2377 1289 2440; x_wconf 88' lang='lat' dir='ltr'>meis’</span> 
     </span>
     <span class='ocr_line' id='line_1_26' title="bbox 213 2459 1289 2540; baseline 0.004 -20"><span class='ocrx_word' id='word_1_210' title='bbox 213 2459 313 2538; x_wconf 89' lang='lat' dir='ltr'>inquit</span> <span class='ocrx_word' id='word_1_211' title='bbox 329 2459 445 2521; x_wconf 82' lang='lat' dir='ltr'>‘Gitona</span> <span class='ocrx_word' id='word_1_212' title='bbox 460 2460 642 2540; x_wconf 89' lang='lat' dir='ltr'>imponeret,</span> <span class='ocrx_word' id='word_1_213' title='bbox 665 2479 751 2540; x_wconf 92' lang='lat' dir='ltr'>quam</span> <span class='ocrx_word' id='word_1_214' title='bbox 768 2460 843 2521; x_wconf 91' lang='lat' dir='ltr'>bene</span> <span class='ocrx_word' id='word_1_215' title='bbox 859 2461 974 2522; x_wconf 86' lang='lat' dir='ltr'>exulem</span> <span class='ocrx_word' id='word_1_216' title='bbox 990 2461 1174 2540; x_wconf 90' lang='lat' dir='ltr'>exciperem’.</span> <span class='ocrx_word' id='word_1_217' title='bbox 1206 2471 1289 2524; x_wconf 90' lang='lat' dir='ltr'>uter·</span> 
     </span>
     <span class='ocr_line' id='line_1_27' title="bbox 217 2545 1341 2626; baseline 0.001 -21"><span class='ocrx_word' id='word_1_218' title='bbox 217 2563 274 2622; x_wconf 92' lang='lat' dir='ltr'>que</span> <span class='ocrx_word' id='word_1_219' title='bbox 298 2554 432 2605; x_wconf 91' lang='lat' dir='ltr'>nostrum</span> <span class='ocrx_word' id='word_1_220' title='bbox 459 2554 515 2605; x_wconf 90' lang='lat' dir='ltr'>tam</span> <span class='ocrx_word' id='word_1_221' title='bbox 539 2545 724 2625; x_wconf 90' lang='lat' dir='ltr'>inexpectato</span> <span class='ocrx_word' id='word_1_222' title='bbox 746 2545 822 2606; x_wconf 91' lang='lat' dir='ltr'>ictus</span> <span class='ocrx_word' id='word_1_223' title='bbox 842 2563 917 2606; x_wconf 92' lang='lat' dir='ltr'>sono</span> <span class='ocrx_word' id='word_1_224' title='bbox 944 2546 1082 2607; x_wconf 89' lang='lat' dir='ltr'>amiserat</span> <span class='ocrx_word' id='word_1_225' title='bbox 1104 2548 1291 2626; x_wconf 88' lang='lat' dir='ltr'>sanguinem.</span> <span class='ocrx_word' id='word_1_226' title='bbox 1312 2556 1341 2606; x_wconf 73' lang='lat'>25</span> 
     </span>
     <span class='ocr_line' id='line_1_28' title="bbox 216 2628 1289 2710; baseline 0.005 -22"><span class='ocrx_word' id='word_1_227' title='bbox 216 2647 271 2706; x_wconf 92' lang='lat' dir='ltr'>ego</span> <span class='ocrx_word' id='word_1_228' title='bbox 288 2629 447 2708; x_wconf 86' lang='lat' dir='ltr'>praecipue</span> <span class='ocrx_word' id='word_1_229' title='bbox 463 2629 546 2707; x_wconf 92' lang='lat' dir='ltr'>quasi</span> <span class='ocrx_word' id='word_1_230' title='bbox 561 2629 677 2690; x_wconf 91' lang='lat' dir='ltr'>somnio</span> <span class='ocrx_word' id='word_1_231' title='bbox 694 2628 820 2710; x_wconf 93' lang='lat' dir='ltr'>quodam</span> <span class='ocrx_word' id='word_1_232' title='bbox 836 2629 1008 2692; x_wconf 89' lang='lat' dir='ltr'>turbulento</span> <span class='ocrx_word' id='word_1_233' title='bbox 1025 2631 1222 2694; x_wconf 89' lang='lat' dir='ltr'>circumactus</span> <span class='ocrx_word' id='word_1_234' title='bbox 1238 2632 1289 2694; x_wconf 91' lang='lat' dir='ltr'>diu</span> 
     </span>
     <span class='ocr_line' id='line_1_29' title="bbox 215 2713 1289 2797; baseline 0.007 -26"><span class='ocrx_word' id='word_1_235' title='bbox 215 2730 319 2772; x_wconf 87' lang='lat' dir='ltr'>vocem</span> <span class='ocrx_word' id='word_1_236' title='bbox 334 2713 438 2792; x_wconf 84' lang='lat' dir='ltr'>collegi</span> <span class='ocrx_word' id='word_1_237' title='bbox 454 2713 717 2793; x_wconf 85' lang='lat' dir='ltr'>tremebundisque</span> <span class='ocrx_word' id='word_1_238' title='bbox 733 2713 870 2775; x_wconf 88' lang='lat' dir='ltr'>manibus</span> <span class='ocrx_word' id='word_1_239' title='bbox 882 2714 1019 2795; x_wconf 85' lang='lat' dir='ltr'>Eumolpi</span> <span class='ocrx_word' id='word_1_240' title='bbox 1032 2717 1088 2778; x_wconf 90' lang='lat' dir='ltr'>iam</span> <span class='ocrx_word' id='word_1_241' title='bbox 1103 2717 1133 2778; x_wconf 92' lang='lat' dir='ltr'>in</span> <span class='ocrx_word' id='word_1_242' title='bbox 1149 2737 1289 2797; x_wconf 88' lang='lat' dir='ltr'>soporem</span> 
     </span>
     <span class='ocr_line' id='line_1_30' title="bbox 217 2795 1290 2880; baseline 0.007 -24"><span class='ocrx_word' id='word_1_243' title='bbox 217 2795 343 2858; x_wconf 88' lang='lat' dir='ltr'>labentis</span> <span class='ocrx_word' id='word_1_244' title='bbox 357 2797 493 2858; x_wconf 89' lang='lat' dir='ltr'>laciniam</span> <span class='ocrx_word' id='word_1_245' title='bbox 508 2797 577 2858; x_wconf 93' lang='lat' dir='ltr'>duxi</span> <span class='ocrx_word' id='word_1_246' title='bbox 599 2806 629 2859; x_wconf 89' lang='lat' dir='ltr'>et</span> <span class='ocrx_word' id='word_1_247' title='bbox 650 2802 714 2878; x_wconf 88' lang='lat' dir='ltr'>‘per</span> <span class='ocrx_word' id='word_1_248' title='bbox 728 2798 825 2860; x_wconf 86' lang='lat' dir='ltr'>fidem&#39;</span> <span class='ocrx_word' id='word_1_249' title='bbox 841 2799 961 2878; x_wconf 90' lang='lat' dir='ltr'>inquam</span> <span class='ocrx_word' id='word_1_250' title='bbox 978 2805 1088 2880; x_wconf 84' lang='lat' dir='ltr'>‘pater‚</span> <span class='ocrx_word' id='word_1_251' title='bbox 1111 2802 1196 2864; x_wconf 89' lang='lat' dir='ltr'>cuius</span> <span class='ocrx_word' id='word_1_252' title='bbox 1216 2803 1290 2864; x_wconf 91' lang='lat' dir='ltr'>haec</span> 
     </span>
     <span class='ocr_line' id='line_1_31' title="bbox 217 2881 1289 2966; baseline 0.006 -24"><span class='ocrx_word' id='word_1_253' title='bbox 217 2881 298 2942; x_wconf 89' lang='lat' dir='ltr'>navis</span> <span class='ocrx_word' id='word_1_254' title='bbox 318 2890 378 2956; x_wconf 88' lang='lat' dir='ltr'>est,</span> <span class='ocrx_word' id='word_1_255' title='bbox 394 2890 445 2944; x_wconf 88' lang='lat' dir='ltr'>aut</span> <span class='ocrx_word' id='word_1_256' title='bbox 465 2900 540 2961; x_wconf 90' lang='lat' dir='ltr'>quos</span> <span class='ocrx_word' id='word_1_257' title='bbox 560 2883 660 2959; x_wconf 89' lang='lat' dir='ltr'>vehat,</span> <span class='ocrx_word' id='word_1_258' title='bbox 682 2883 779 2945; x_wconf 91' lang='lat' dir='ltr'>dicere</span> <span class='ocrx_word' id='word_1_259' title='bbox 801 2883 917 2963; x_wconf 89' lang='lat' dir='ltr'>potes‘l’</span> <span class='ocrx_word' id='word_1_260' title='bbox 953 2886 1133 2966; x_wconf 90' lang='lat' dir='ltr'>inquietatus</span> <span class='ocrx_word' id='word_1_261' title='bbox 1153 2887 1201 2948; x_wconf 92' lang='lat' dir='ltr'>ille</span> <span class='ocrx_word' id='word_1_262' title='bbox 1224 2907 1289 2949; x_wconf 92' lang='lat' dir='ltr'>mo-</span> 
     </span>
     <span class='ocr_line' id='line_1_32' title="bbox 215 2965 1343 3052; baseline 0.006 -24"><span class='ocrx_word' id='word_1_263' title='bbox 215 2965 289 3028; x_wconf 89' lang='lat' dir='ltr'>leste</span> <span class='ocrx_word' id='word_1_264' title='bbox 308 2966 375 3027; x_wconf 89' lang='lat' dir='ltr'>tulit</span> <span class='ocrx_word' id='word_1_265' title='bbox 389 2975 419 3026; x_wconf 90' lang='lat' dir='ltr'>et</span> <span class='ocrx_word' id='word_1_266' title='bbox 435 2967 500 3028; x_wconf 85' lang='lat' dir='ltr'>‘hoc</span> <span class='ocrx_word' id='word_1_267' title='bbox 516 2967 586 3028; x_wconf 90' lang='lat' dir='ltr'>erat’</span> <span class='ocrx_word' id='word_1_268' title='bbox 602 2967 699 3047; x_wconf 89' lang='lat' dir='ltr'>iuquit</span> <span class='ocrx_word' id='word_1_269' title='bbox 714 2969 803 3048; x_wconf 86' lang='lat' dir='ltr'>‘quod</span> <span class='ocrx_word' id='word_1_270' title='bbox 819 2969 970 3048; x_wconf 88' lang='lat' dir='ltr'>placuerat</span> <span class='ocrx_word' id='word_1_271' title='bbox 984 2972 1046 3048; x_wconf 86' lang='lat' dir='ltr'>tibi,</span> <span class='ocrx_word' id='word_1_272' title='bbox 1063 2979 1200 3052; x_wconf 91' lang='lat' dir='ltr'>utsupra</span> <span class='ocrx_word' id='word_1_273' title='bbox 1215 2992 1290 3034; x_wconf 90' lang='lat' dir='ltr'>con·</span> <span class='ocrx_word' id='word_1_274' title='bbox 1312 2982 1343 3034; x_wconf 82' lang='lat'>30</span> 
     </span>
     <span class='ocr_line' id='line_1_33' title="bbox 217 3052 1290 3137; baseline 0.006 -25"><span class='ocrx_word' id='word_1_275' title='bbox 217 3059 340 3113; x_wconf 88' lang='lat' dir='ltr'>stratum</span> <span class='ocrx_word' id='word_1_276' title='bbox 363 3052 443 3113; x_wconf 89' lang='lat' dir='ltr'>navis</span> <span class='ocrx_word' id='word_1_277' title='bbox 464 3070 678 3134; x_wconf 88' lang='lat' dir='ltr'>occuparemus</span> <span class='ocrx_word' id='word_1_278' title='bbox 693 3054 920 3116; x_wconf 87' lang='lat' dir='ltr'>secretissimum</span> <span class='ocrx_word' id='word_1_279' title='bbox 936 3056 1050 3132; x_wconf 84' lang='lat' dir='ltr'>locum,</span> <span class='ocrx_word' id='word_1_280' title='bbox 1075 3076 1112 3118; x_wconf 92' lang='lat' dir='ltr'>oe</span> <span class='ocrx_word' id='word_1_281' title='bbox 1136 3077 1192 3119; x_wconf 92' lang='lat' dir='ltr'>nos</span> <span class='ocrx_word' id='word_1_282' title='bbox 1207 3067 1290 3137; x_wconf 92' lang='lat' dir='ltr'>patc-</span> 
     </span>
     <span class='ocr_line' id='line_1_34' title="bbox 217 3135 1291 3220; baseline 0.006 -23"><span class='ocrx_word' id='word_1_283' title='bbox 217 3137 291 3198; x_wconf 91' lang='lat' dir='ltr'>reris</span> <span class='ocrx_word' id='word_1_284' title='bbox 307 3135 514 3218; x_wconf 79' lang='lat' dir='ltr'>requiescere?</span> <span class='ocrx_word' id='word_1_285' title='bbox 530 3137 600 3217; x_wconf 93' lang='lat' dir='ltr'>quid</span> <span class='ocrx_word' id='word_1_286' title='bbox 616 3157 707 3218; x_wconf 88' lang='lat' dir='ltr'>porro</span> <span class='ocrx_word' id='word_1_287' title='bbox 722 3139 756 3200; x_wconf 90' lang='lat' dir='ltr'>ad</span> <span class='ocrx_word' id='word_1_288' title='bbox 773 3157 836 3200; x_wconf 89' lang='lat' dir='ltr'>rem</span> <span class='ocrx_word' id='word_1_289' title='bbox 852 3141 995 3220; x_wconf 89' lang='lat' dir='ltr'>pertinet,</span> <span class='ocrx_word' id='word_1_290' title='bbox 1012 3142 1035 3204; x_wconf 93' lang='lat' dir='ltr'>si</span> <span class='ocrx_word' id='word_1_291' title='bbox 1051 3142 1152 3203; x_wconf 85' lang='lat' dir='ltr'>dixero</span> <span class='ocrx_word' id='word_1_292' title='bbox 1169 3141 1291 3207; x_wconf 88' lang='lat' dir='ltr'>Licham</span> 
     </span>
     <span class='ocr_line' id='line_1_35' title="bbox 217 3219 1290 3307; baseline 0.007 -26"><span class='ocrx_word' id='word_1_293' title='bbox 217 3219 411 3283; x_wconf 84' lang='lat' dir='ltr'>Tarentinum</span> <span class='ocrx_word' id='word_1_294' title='bbox 438 3241 502 3284; x_wconf 91' lang='lat' dir='ltr'>esse</span> <span class='ocrx_word' id='word_1_295' title='bbox 529 3223 682 3285; x_wconf 93' lang='lat' dir='ltr'>dominum</span> <span class='ocrx_word' id='word_1_296' title='bbox 707 3224 829 3287; x_wconf 89' lang='lat' dir='ltr'>huiusce</span> <span class='ocrx_word' id='word_1_297' title='bbox 856 3226 978 3305; x_wconf 87' lang='lat' dir='ltr'>navigii,</span> <span class='ocrx_word' id='word_1_298' title='bbox 1005 3228 1055 3306; x_wconf 92' lang='lat' dir='ltr'>qui</span> <span class='ocrx_word' id='word_1_299' title='bbox 1081 3227 1290 3307; x_wconf 80' lang='lat' dir='ltr'>Tryphaenam</span> 
     </span>
    </p>

    <p class='ocr_par' dir='ltr' id='par_1_6' title="bbox 141 3305 1343 3732">
     <span class='ocr_line' id='line_1_36' title="bbox 141 3305 1290 3389; baseline 0.006 -21"><span class='ocrx_word' id='word_1_300' title='bbox 141 3306 197 3368; x_wconf 85' lang='lat'>101</span> <span class='ocrx_word' id='word_1_301' title='bbox 214 3305 333 3367; x_wconf 80' lang='lat' dir='ltr'>&#39;exulem</span> <span class='ocrx_word' id='word_1_302' title='bbox 356 3305 516 3369; x_wconf 88' lang='lat' dir='ltr'>Tarentum</span> <span class='ocrx_word' id='word_1_303' title='bbox 541 3305 647 3372; x_wconf 80' lang='lat' dir='ltr'>lerati’</span> <span class='ocrx_word' id='word_1_304' title='bbox 673 3309 813 3370; x_wconf 89' lang='lat' dir='ltr'>intremui</span> <span class='ocrx_word' id='word_1_305' title='bbox 833 3317 901 3389; x_wconf 90' lang='lat' dir='ltr'>post</span> <span class='ocrx_word' id='word_1_306' title='bbox 923 3312 980 3372; x_wconf 90' lang='lat' dir='ltr'>hoc</span> <span class='ocrx_word' id='word_1_307' title='bbox 1001 3313 1112 3374; x_wconf 81' lang='lat' dir='ltr'>fulmen</span> <span class='ocrx_word' id='word_1_308' title='bbox 1137 3313 1290 3388; x_wconf 71' lang='lat' dir='ltr'>attonitus</span> 
     </span>
     <span class='ocr_line' id='line_1_37' title="bbox 218 3390 1343 3474; baseline 0.005 -23"><span class='ocrx_word' id='word_1_309' title='bbox 218 3390 378 3471; x_wconf 91' lang='lat' dir='ltr'>iuguloque</span> <span class='ocrx_word' id='word_1_310' title='bbox 400 3392 515 3454; x_wconf 88' lang='lat' dir='ltr'>detecto</span> <span class='ocrx_word' id='word_1_311' title='bbox 537 3393 714 3472; x_wconf 86' lang='lat' dir='ltr'>‘aliquando&#39;</span> <span class='ocrx_word' id='word_1_312' title='bbox 735 3394 856 3474; x_wconf 90' lang='lat' dir='ltr'>inquam</span> <span class='ocrx_word' id='word_1_313' title='bbox 872 3395 975 3457; x_wconf 86' lang='lat' dir='ltr'>‘totum</span> <span class='ocrx_word' id='word_1_314' title='bbox 992 3413 1053 3473; x_wconf 87' lang='lat' dir='ltr'>me,</span> <span class='ocrx_word' id='word_1_315' title='bbox 1077 3397 1224 3472; x_wconf 84' lang='lat' dir='ltr'>Fortuna,</span> <span class='ocrx_word' id='word_1_316' title='bbox 1250 3398 1292 3458; x_wconf 87' lang='lat' dir='ltr'>vi·</span> <span class='ocrx_word' id='word_1_317' title='bbox 1314 3407 1343 3456; x_wconf 73' lang='lat'>35</span> 
     </span>
     <span class='ocr_line' id='line_1_38' title="bbox 219 3476 1291 3565; baseline 0.008 -29"><span class='ocrx_word' id='word_1_318' title='bbox 219 3476 302 3537; x_wconf 87' lang='lat' dir='ltr'>cisti’.</span> <span class='ocrx_word' id='word_1_319' title='bbox 329 3479 407 3536; x_wconf 73' lang='lat' dir='ltr'>‘uam</span> <span class='ocrx_word' id='word_1_320' title='bbox 423 3476 511 3538; x_wconf 91' lang='lat' dir='ltr'>Giton</span> <span class='ocrx_word' id='word_1_321' title='bbox 536 3478 654 3557; x_wconf 93' lang='lat' dir='ltr'>quidem</span> <span class='ocrx_word' id='word_1_322' title='bbox 675 3498 766 3559; x_wconf 92' lang='lat' dir='ltr'>super</span> <span class='ocrx_word' id='word_1_323' title='bbox 780 3489 885 3558; x_wconf 90' lang='lat' dir='ltr'>pectus</span> <span class='ocrx_word' id='word_1_324' title='bbox 907 3499 1004 3544; x_wconf 93' lang='lat' dir='ltr'>meum</span> <span class='ocrx_word' id='word_1_325' title='bbox 1027 3483 1140 3565; x_wconf 90' lang='lat' dir='ltr'>positus</span> <span class='ocrx_word' id='word_1_326' title='bbox 1161 3482 1210 3544; x_wconf 93' lang='lat' dir='ltr'>diu</span> <span class='ocrx_word' id='word_1_327' title='bbox 1225 3484 1291 3545; x_wconf 93' lang='lat' dir='ltr'>ani-</span> 
     </span>
     <span class='ocr_line' id='line_1_39' title="bbox 218 3561 1291 3650; baseline 0.007 -29"><span class='ocrx_word' id='word_1_328' title='bbox 218 3579 296 3622; x_wconf 93' lang='lat' dir='ltr'>mam</span> <span class='ocrx_word' id='word_1_329' title='bbox 312 3561 379 3644; x_wconf 87' lang='lat' dir='ltr'>egit.</span> <span class='ocrx_word' id='word_1_330' title='bbox 410 3561 515 3624; x_wconf 87' lang='lat' dir='ltr'>deinde</span> <span class='ocrx_word' id='word_1_331' title='bbox 531 3572 562 3624; x_wconf 90' lang='lat' dir='ltr'>ut</span> <span class='ocrx_word' id='word_1_332' title='bbox 578 3564 688 3625; x_wconf 89' lang='lat' dir='ltr'>ellusus</span> <span class='ocrx_word' id='word_1_333' title='bbox 711 3565 802 3626; x_wconf 93' lang='lat' dir='ltr'>sudor</span> <span class='ocrx_word' id='word_1_334' title='bbox 816 3565 970 3646; x_wconf 88' lang='lat' dir='ltr'>utriusque</span> <span class='ocrx_word' id='word_1_335' title='bbox 985 3569 1120 3650; x_wconf 87' lang='lat' dir='ltr'>spiritum</span> <span class='ocrx_word' id='word_1_336' title='bbox 1135 3567 1291 3644; x_wconf 86' lang='lat' dir='ltr'>revocavit,</span> 
     </span>
     <span class='ocr_line' id='line_1_40' title="bbox 219 3643 1291 3732; baseline 0.008 -25"><span class='ocrx_word' id='word_1_337' title='bbox 219 3643 430 3726; x_wconf 87' lang='lat' dir='ltr'>comprehendi</span> <span class='ocrx_word' id='word_1_338' title='bbox 445 3645 582 3728; x_wconf 88' lang='lat' dir='ltr'>Eumolpi</span> <span class='ocrx_word' id='word_1_339' title='bbox 598 3667 692 3729; x_wconf 90' lang='lat' dir='ltr'>genua</span> <span class='ocrx_word' id='word_1_340' title='bbox 716 3658 745 3711; x_wconf 92' lang='lat' dir='ltr'>et</span> <span class='ocrx_word' id='word_1_341' title='bbox 767 3650 926 3713; x_wconf 84' lang='lat' dir='ltr'>‘miserere’</span> <span class='ocrx_word' id='word_1_342' title='bbox 948 3654 1069 3732; x_wconf 91' lang='lat' dir='ltr'>inquam</span> <span class='ocrx_word' id='word_1_343' title='bbox 1091 3651 1291 3716; x_wconf 87' lang='lat' dir='ltr'>‘morientium</span> 
     </span>
    </p>
   </div>
   <div class='ocr_carea' id='block_1_5' title="bbox 220 3831 1293 4037">
    <p class='ocr_par' dir='ltr' id='par_1_7' title="bbox 220 3831 1293 4037">
     <span class='ocr_line' id='line_1_41' title="bbox 307 3831 1293 3952; baseline 0.006 -70"><span class='ocrx_word' id='word_1_344' title='bbox 307 3833 322 3882; x_wconf 82' lang='lat'>5</span> <span class='ocrx_word' id='word_1_345' title='bbox 340 3831 526 3898; x_wconf 84' lang='lat' dir='ltr'>properandum</span> <span class='ocrx_word' id='word_1_346' title='bbox 542 3832 702 3886; x_wconf 76' lang='lat' dir='ltr'>Tornaesius</span> <span class='ocrx_word' id='word_1_347' title='bbox 715 3837 859 3952; x_wconf 72' lang='lat' dir='ltr'>proposcit</span> <span class='ocrx_word' id='word_1_348' title='bbox 871 3832 907 3904; x_wconf 77' lang='lat' dir='ltr'>ii⁸</span> <span class='ocrx_word' id='word_1_349' title='bbox 926 3834 952 3885; x_wconf 90' lang='lat' dir='ltr'>in</span> <span class='ocrx_word' id='word_1_350' title='bbox 969 3834 1033 3886; x_wconf 82' lang='lat' dir='ltr'>alter</span> <span class='ocrx_word' id='word_1_351' title='bbox 1044 3831 1053 3900; x_wconf 86' lang='grc' dir='ltr'>ΙΙ</span> <span class='ocrx_word' id='word_1_352' title='bbox 1072 3838 1101 3888; x_wconf 85' lang='grc'>10</span> <span class='ocrx_word' id='word_1_353' title='bbox 1115 3835 1204 3888; x_wconf 88' lang='lat' dir='ltr'>lecerit</span> <span class='ocrx_word' id='word_1_354' title='bbox 1215 3839 1293 3899; x_wconf 76' lang='lat' dir='ltr'>flori-</span> 
     </span>
     <span class='ocr_line' id='line_1_42' title="bbox 220 3897 1293 3970; baseline 0.01 -23"><span class='ocrx_word' id='word_1_355' title='bbox 220 3897 315 3964; x_wconf 68' lang='lat' dir='ltr'>legiafl</span> <span class='ocrx_word' id='word_1_356' title='bbox 336 3902 365 3951; x_wconf 84' lang='lat'>16</span> <span class='ocrx_word' id='word_1_357' title='bbox 383 3899 448 3951; x_wconf 90' lang='lat' dir='ltr'>intra</span> <span class='ocrx_word' id='word_1_358' title='bbox 469 3897 629 3952; x_wconf 75' lang='lat' dir='ltr'>Tornaesius</span> <span class='ocrx_word' id='word_1_359' title='bbox 647 3901 657 3968; x_wconf 82' lang='grc' dir='ltr'>ΙΙ</span> <span class='ocrx_word' id='word_1_360' title='bbox 679 3903 708 3953; x_wconf 80' lang='lat' dir='ltr'>t&#39;l</span> <span class='ocrx_word' id='word_1_361' title='bbox 728 3901 765 3953; x_wconf 88' lang='lat' dir='ltr'>dil</span> <span class='ocrx_word' id='word_1_362' title='bbox 785 3900 885 3953; x_wconf 91' lang='lat' dir='ltr'>dentem</span> <span class='ocrx_word' id='word_1_363' title='bbox 903 3901 994 3951; x_wconf 74' lang='lat' dir='ltr'>noma</span> <span class='ocrx_word' id='word_1_364' title='bbox 1012 3902 1022 3967; x_wconf 80' lang='lat' dir='ltr'>ll</span> <span class='ocrx_word' id='word_1_365' title='bbox 1040 3904 1071 3956; x_wconf 86' lang='lat'>21</span> <span class='ocrx_word' id='word_1_366' title='bbox 1091 3910 1118 3955; x_wconf 87' lang='lat' dir='ltr'>at</span> <span class='ocrx_word' id='word_1_367' title='bbox 1135 3904 1198 3956; x_wconf 89' lang='lat' dir='ltr'>haec</span> <span class='ocrx_word' id='word_1_368' title='bbox 1213 3906 1218 3970; x_wconf 80' lang='lat' dir='ltr'>l</span> <span class='ocrx_word' id='word_1_369' title='bbox 1233 3905 1293 3966; x_wconf 84' lang='lat' dir='ltr'>for-</span> 
     </span>
     <span class='ocr_line' id='line_1_43' title="bbox 221 3964 1257 4037; baseline 0.006 -19"><span class='ocrx_word' id='word_1_370' title='bbox 221 3971 288 4018; x_wconf 79' lang='lat' dir='ltr'>tasse</span> <span class='ocrx_word' id='word_1_371' title='bbox 305 3965 381 4034; x_wconf 87' lang='lat' dir='ltr'>plane</span> <span class='ocrx_word' id='word_1_372' title='bbox 394 3964 404 4033; x_wconf 76' lang='lat' dir='ltr'>ll</span> <span class='ocrx_word' id='word_1_373' title='bbox 416 3969 448 4018; x_wconf 80' lang='lat' dir='ltr'>m</span> <span class='ocrx_word' id='word_1_374' title='bbox 467 3966 525 4018; x_wconf 88' lang='lat' dir='ltr'>exul</span> <span class='ocrx_word' id='word_1_375' title='bbox 543 3983 600 4020; x_wconf 91' lang='lat' dir='ltr'>eum</span> <span class='ocrx_word' id='word_1_376' title='bbox 620 3969 773 4020; x_wconf 76' lang='lat' dir='ltr'>Strete&#39;tztur</span> <span class='ocrx_word' id='word_1_377' title='bbox 788 3971 792 4036; x_wconf 73' lang='grc' dir='ltr'>Ι</span> <span class='ocrx_word' id='word_1_378' title='bbox 808 3969 949 4034; x_wconf 86' lang='lat' dir='ltr'>exciperet:</span> <span class='ocrx_word' id='word_1_379' title='bbox 971 3969 1117 4037; x_wconf 86' lang='lat' dir='ltr'>exciperent</span> <span class='ocrx_word' id='word_1_380' title='bbox 1134 3970 1257 4024; x_wconf 72' lang='lat' dir='ltr'>detoldus</span> 
     </span>
    </p>
   </div>
   <div class='ocr_carea' id='block_1_6' title="bbox 0 0 1405 4480">
    <p class='ocr_par' dir='ltr' id='par_1_8' title="bbox 0 0 1405 4480">
     <span class='ocr_line' id='line_1_44' title="bbox 0 0 1405 4480; baseline 0 0"><span class='ocrx_word' id='word_1_381' title='bbox 0 0 1405 4480; x_wconf 95' lang='lat' dir='ltr'> </span> 
     </span>
    </p>
   </div>
  </div>
 </body>
</html>
