2768 4480
552 189 740 244 mummuli

315 464 385 526 dein
401 469 482 526 certo
498 464 553 525 alvi
568 363 709 526 dulcitfflt
722 483 829 527 sucum

314 557 433 628 pareret
446 567 591 624 mausum
607 569 667 629 quc
681 568 825 612 venarum

357 635 501 714 sanguiue
517 634 594 698 rives
610 635 780 714 compleret.

598 752 638 814 ru
654 754 700 831 (a)

315 856 358 917 nil
372 859 443 916 scint
457 853 566 928 Musae,
581 849 724 934 Polycles,
740 861 854 917 vestrae

315 958 388 1019 qrras
403 939 520 1000 aerisrce
535 939 617 1001 duxti

587 1056 643 1133 llll
658 1058 703 1134 (6)

531 1169 565 1219 ut
579 1159 673 1221 sidera
690 1159 763 1220 caeli

315 1245 422 1320 divim,
439 1245 551 1307 circum
566 1252 674 1305 terram
690 1252 778 1323 atque
794 1262 876 1305 axem

316 1347 392 1409 quae
406 1330 566 1392 volvuntur
580 1337 662 1390 motu
679 1328 776 1390 orbito

314 1532 445 1594 candens
460 1551 586 1614 corpure
600 1535 704 1594 taurus
718 1531 821 1593 triviae
1211 1543 1254 1595 003

313 1616 425 1678 lumine
441 1619 543 1680 Lunae

595 1702 633 1762 Vl
649 1703 694 1780 (9)

731 1792 794 1847 ndu
809 1785 913 1847 videtis
928 1789 1007 1846 unus
1023 1792 1056 1847 ut
1210 1797 1254 1849 004

313 1872 453 1950 pirvulus
468 1873 560 1933 Amor
574 1871 697 1933 drdifeta
711 1869 845 1953 lampade
860 1870 940 1932 arida
955 1876 1022 1951 agat
1037 1871 1162 1933 amantis

315 1955 499 2018 aestuantis?
849 1955 851 1958 ’

580 2041 632 2103 Vll
647 2042 713 2120 (10)

1025 2132 1054 2186 et
1068 2142 1122 2186 reu
1208 2137 1252 2188 000

236 2215 266 2272 tt
276 2211 407 2272 misellus
422 2210 470 2273 ille
486 2228 600 2290 pauper
614 2215 693 2272 dmat
703 2210 850 2288 habetque
861 2211 963 2289 ignem
978 2213 1059 2270 intus
1068 2227 1181 2271 aerem:

235 2295 285 2356 hic
301 2295 449 2376 ephebum
462 2295 635 2372 mulier-avit,
650 2296 699 2356 hic
711 2295 747 2356 ad
762 2295 923 2357 meecbada
938 2293 1157 2358 adulescentem
1210 2342 1215 2350 .
1239 2343 1248 2350 .

236 2379 406 2442 cubiculum
421 2381 544 2460 pudoris
559 2381 675 2460 primus
687 2379 793 2462 polluit

584 2498 651 2560 uu
666 2499 711 2575 (s)

150 2621 212 2663 nou
234 2598 370 2662 subsilies
391 2619 425 2661 ac
446 2600 569 2680 plaudes
590 2609 620 2663 et
641 2599 677 2662 ab
700 2601 790 2662 Arato
812 2617 918 2680 posces
938 2598 1073 2661 astricem
1095 2617 1182 2660 coro·
1208 2611 1252 2662 me

104 2684 200 2750 nam?
216 2685 286 2765 quid
302 2685 380 2768 euim
396 2686 454 2748 boc
469 2683 593 2748 miriusi

564 2803 645 2866 vuu
660 2806 725 2882 (11)

45 2965 49 2973 ,
149 2923 253 2966 noune
268 2904 419 2966 bominem
434 2883 571 2968 scribunt
586 2924 651 2968 esse
666 2905 828 2984 grandibus
846 2904 1024 2984 superciliis,
1047 2904 1183 2979 silonem,
1209 2916 1253 2968 007

108 2987 307 3070 quadratum?

592 3073 618 3134 X
634 3075 701 3151 (12)

149 3175 201 3254 qui
222 3175 283 3240 siut
304 3177 468 3242 seeundum
484 3185 620 3242 naturam
635 3175 760 3256 perfecti
780 3174 932 3250 homiues,
945 3180 991 3238 ¹ut
1007 3191 1070 3237 nen
1093 3174 1181 3236 modo
1208 3186 1251 3238 000

104 3281 158 3323 eos
172 3268 341 3341 spectemus
355 3263 407 3323 sed
423 3262 509 3323 etiam
524 3261 674 3322 imitemur
1174 3274 1177 3280 ’

145 3483 149 3510 ι
175 3463 243 3515 ,100
260 3461 295 3514 Ν.
309 3477 338 3528 p.
358 3465 406 3516 140
424 3462 561 3532 mausum!
583 3465 652 3516 certe
670 3462 794 3516 alufluctu
811 3464 841 3514 ut
857 3459 958 3534 sicum}
978 3459 1094 3522 tbrtasee
1111 3461 1159 3528 qui
1174 3459 1184 3529 Ι(

103 3533 154 3584 201
175 3529 211 3583 N.
227 3546 254 3596 p.
273 3532 306 3583 63
324 3529 464 3584 aerificium
482 3536 550 3599 rit-p.
567 3533 615 3586 283
634 3531 727 3585 ducere
742 3529 747 3598 Ι
762 3529 854 3599 pcllcie
867 3529 877 3597 Ι(
890 3531 941 3582 302
957 3528 992 3581 Ν.
1005 3545 1034 3595 p.
1050 3532 1097 3583 148
1115 3529 1183 3580 orbi-

104 3603 160 3652 tum
179 3597 188 3666 Ι(
208 3601 258 3652 203
276 3597 309 3650 Ν.
324 3613 352 3664 p.
371 3601 419 3653 tui
440 3600 532 3653 candet
552 3601 556 3667 Ι
578 3598 679 3668 trivioll
702 3602 752 3651 204
774 3597 809 3651 Ν.
823 3614 853 3664 p.
871 3600 921 3651 243
939 3612 1016 3664 cgere
1040 3602 1067 3649 ct
1083 3613 1113 3663 p.
1131 3599 1181 3650 312

103 3667 187 3720 letum
209 3668 219 3736 ΙΙ
241 3665 348 3720 acuit.
361 3683 391 3734 p.
412 3671 460 3722 140
483 3668 658 3736 mulieraritl
681 3669 731 3722 206
752 3666 788 3720 N.
805 3683 835 3734 p.
856 3667 902 3719 435
927 3665 1015 3718 ruiriue
1040 3671 1067 3716 et
1084 3679 1114 3730 p.
1132 3668 1183 3719 att

103 3749 214 3807 poscere
228 3735 234 3803 Ι
249 3733 355 3788 subtilis
372 3750 403 3789 ae
420 3737 529 3806 plaudis,
552 3740 617 3788 itm
634 3735 720 3803 poscis
733 3751 764 3803 p.
783 3737 831 3789 135
849 3739 920 3787 recte
938 3736 1047 3800 opiner,
1069 3738 1102 3784 ut
1113 3734 1183 3786 lem

103 3819 211 3870 quoquc
233 3804 270 3855 ad
292 3807 444 3857 octonarios
468 3807 619 3858 moebcicoe
641 3799 1062 3870 rcuccmtrerposeieietrieeml
1081 3800 1182 3857 00100

100 3888 129 3939 p.
148 3875 183 3926 25
202 3871 318 3936 silcuesl
340 3885 425 3926 aenne
442 3889 494 3928 nou
512 3889 591 3928 uuum
608 3872 724 3926 scribunt
744 3870 748 3940 Ι
768 3872 917 3924 adbaerent
934 3874 1064 3937 tauquam
1083 3871 1184 3925 Verre-

103 3943 190 3994 m'ana
209 3939 280 4008 quod
291 3938 396 3995 Silenus
408 3941 514 3995 biremis
526 3940 669 4008 superciliis
680 3939 840 4008 tingereturll
854 3941 904 3993 008
916 3936 951 3992 Ν.
962 3954 990 4006 p.
1003 3940 1055 3992 403
1066 3944 1183 4008 spectare
