2780 4480
199 138 260 203 108
656 135 810 192 Perconi!

284 313 401 376 ‘omnia'
416 313 539 392 inquam
553 312 619 375 ‘ista
638 329 706 373 vera
728 319 813 386 sunt3
834 328 891 372 nec
906 310 959 372 ulli
980 310 1061 372 enim
1073 307 1280 374 celeridsssho·
1299 316 1321 369 ι

198 401 294 464 mines
314 399 448 462 incidere
468 398 578 461 debent
599 399 630 458 in
653 397 759 458 malam
781 397 949 470 lonnnam,
972 414 1061 475 ιιιιιιι
1076 395 1128 476 qui
1143 397 1280 459 alienum

199 484 426 565 concupiscunt
456 483 536 544 unde
549 483 629 563 plani
651 489 763 558 autem,
786 481 866 543 unde
883 481 1030 544 levatores
1044 481 1193 557 viverent,
1217 483 1280 544 nisi

199 580 250 634 out
264 570 385 633 locellos
399 577 450 632 ant
463 576 605 631 sonantes
620 585 687 629 aere
703 567 825 628 sacellos
845 585 901 647 pro
916 567 1011 629 hamis
1025 568 1058 628 in
1071 566 1191 628 turbam
1206 568 1279 629 mit-

199 653 319 718 terent?
342 655 418 718 sicut
439 663 521 716 muta
542 653 676 715 animalia
697 651 764 714 cibo
786 653 974 728 inescantur,
997 653 1039 714 sio
1060 653 1198 714 homines
1214 673 1279 715 non
1304 661 1319 710 5

200 747 378 821 caperentur
394 739 451 802 nisi
465 739 529 819 spei
544 738 654 818 ahquid
668 737 851 800 morderent'

732 845 749 883 *
836 859 841 866 .

123 912 180 974 141
210 965 212 972 .
288 914 334 971 ‘ex
347 910 447 973 Africa
462 909 559 986 navis,
576 917 610 971 ut
622 908 815 988 promiseras,
832 926 900 970 cum
914 908 1043 987 pecunia
1057 916 1108 970 tua
1122 916 1153 969 et
1167 909 1280 970 lamiba

202 1013 264 1056 non
285 995 376 1058 venit.
408 1001 576 1075 captatores
594 995 655 1056 nm
676 993 811 1056 exhausti
831 993 1034 1055 liberalitatem
1050 993 1279 1057 imminuerunt

201 1079 300 1158 inque
315 1087 366 1140 aut
377 1080 477 1154 ladon,
499 1089 550 1142 aut
569 1081 690 1141 lortuna
710 1078 877 1141 communis
896 1079 995 1159 coepit
1008 1079 1105 1141 redire
1120 1080 1157 1141 ad
1173 1078 1281 1160 paeni-

202 1163 325 1226 tentiam
339 1164 429 1226 tnam'
730 1251 749 1286 st
1169 1251 1171 1256 Ι
1303 1170 1330 1220 ιι

289 1320 419 1390 omnes,
435 1317 487 1396 qui
500 1316 532 1378 in
544 1324 720 1380 testamento
734 1335 801 1377 meo
811 1316 906 1396 legata
917 1315 1178 1395 habent„praeter
1187 1316 1279 1378 liber·

206 1409 252 1464 tos
268 1420 351 1464 meos
362 1402 418 1464 bac
434 1403 608 1466 condicione
625 1401 801 1482 percipient,
817 1419 893 1481 quae
909 1399 992 1475 dedi,
1008 1402 1033 1462 si
1053 1419 1163 1482 corpus
1178 1419 1280 1464 meum

204 1486 235 1552 in
250 1496 350 1568 partes
366 1487 552 1550 conciderint
567 1495 597 1550 et
610 1495 724 1549 astante
738 1485 850 1568 populo
867 1485 1060 1549 comederint'

734 1593 750 1634 a

290 1658 385 1756 ‘apud’
390 1658 528 1740 quasdam
541 1666 646 1737 gentes
657 1657 767 1722 scimus
778 1609 873 1720 adhuc
887 1656 984 1735 legem
996 1656 1115 1730 servari,
1131 1664 1192 1717 uta
1207 1675 1279 1737 pro·

205 1742 326 1822 pinquis
341 1743 403 1806 suis
418 1751 634 1806 consumantur
648 1742 791 1816 defuncti,
807 1743 879 1804 adeo
890 1742 1021 1820 quidem,
1036 1749 1071 1802 ut
1086 1739 1282 1821 obiurgentur
1304 1747 1329 1799 ιι

206 1827 286 1906 aegri
301 1828 484 1905 frequenter,
501 1828 580 1906 quod
595 1846 717 1892 carnem
731 1844 814 1888 suam
826 1826 934 1893 iaciant
945 1826 1087 1906 peiorem.
1117 1826 1166 1889 his
1178 1828 1281 1900 ιιιιο-

207 1929 264 1975 neo
280 1911 390 1972 amicos
405 1929 502 1984 meos,
526 1929 563 1975 ne
585 1919 727 1975 recusent
746 1930 821 1992 quac
843 1912 949 1986 iubeo,
970 1913 1021 1974 sed
1044 1910 1152 1991 quibus
1174 1912 1282 1976 animis

206 1995 377 2061 devoverint
392 1996 529 2076 spiritum
541 2015 652 2071 meum,
667 1997 777 2060 eisdem
793 1997 883 2059 etiam
897 2015 1007 2078 corpus
1022 1998 1208 2062 consumant’

737 2102 753 2141 dt

292 2165 467 2231 excaecabat
486 2167 631 2248 pecuniae
651 2166 761 2282 ingens
780 2169 856 2230 lama
877 2165 979 2230 oculos
1003 2166 1176 2245 animosque
1193 2167 1285 2239 mise·

209 2267 322 2314 rorum.
1303 2257 1330 2308 ιι

293 2335 417 2417 Gorgias
431 2345 553 2418 paratus
566 2345 629 2404 erat
644 2337 765 2418 exsequi

738 2443 755 2481 lt

294 2506 340 2567 ‘de
355 2505 498 2568 stomachi
520 2505 564 2566 tui
588 2507 774 2568 recusatione
797 2524 856 2566 non
873 2504 967 2565 babeo
984 2506 1063 2586 quod
1078 2503 1206 2566 timeam.
1237 2524 1283 2568 se-

209 2598 319 2669 quetur
332 2590 499 2669 imperium,
514 2589 539 2650 si
555 2590 730 2669 promiseris
742 2589 783 2652 illi
799 2595 856 2670 pro'
870 2590 959 2654 unius
971 2590 1063 2652 horae
1073 2589 1191 2652 fastidio
1206 2591 1284 2652 mul-

208 2683 307 2736 torum
323 2674 473 2737 bonorum
484 2674 699 2754 pensationem.
727 2675 811 2755 operi
823 2675 910 2736 ιιιιιο
923 2675 1026 2738 oculos
1037 2684 1066 2737 et
1080 2675 1160 2753 finge
1175 2684 1207 2736 te
1222 2695 1283 2738 non

208 2759 338 2822 humana
360 2759 472 2823 viscera
493 2759 546 2822 sed
567 2759 680 2822 centies
699 2760 869 2822 sestertium
889 2779 1031 2824 comesse.
1077 2758 1192 2822 accedit
1215 2762 1284 2834 buo,
1304 2769 1330 2821 ιι

210 2843 289 2924 quod
304 2844 402 2923 aliqua
416 2843 603 2908 inveniemus
616 2844 833 2920 blandimenta,
850 2845 958 2926 quibus
972 2863 1109 2926 saporem
1123 2854 1284 2908 mutemus

210 2948 308 3009 neque
324 2929 405 2994 enim
420 2930 478 2993 ulla
492 2947 560 2992 caro
576 2949 631 3011 per
646 2948 677 2994 se
698 2931 810 3012 placet,
831 2932 883 2994 sed
897 2940 961 2994 arte
976 2931 1102 3010 quadam
1116 2932 1285 3012 corrumpi·

209 3022 260 3080 tur
279 3023 310 3078 et
328 3016 480 3080 stomacho
502 3017 678 3078 conciliatur
698 3035 810 3080 averso.
845 3017 971 3114 quodsi
997 3015 1139 3096 exemplis
1159 3035 1286 3096 quoque

210 3101 252 3162 vis
267 3100 389 3182 probari
404 3101 571 3178 consilium,
587 3102 743 3182 Saguntini
758 3120 894 3182 oppressi
886 3100 946 3162 'ab
959 3100 1125 3165 Hannibale
1139 3101 1286 3164 humanas

210 3184 299 3247 edere
321 3205 440 3261 carnes,
463 3205 518 3248 nec
538 3187 731 3249 hereditatem
751 3185 957 3266 expectabant.
994 3185 1119 3247 Petelini
1139 3186 1219 3247 idem
1242 3188 1285 3248 le-
1305 3194 1371 3245 tt

211 3271 346 3334 cerunt
338 3291 370 3333 ιι
391 3233 495 3334 ultima
515 3273 607 3347 lame,
631 3271 866 3351 necquicquam
888 3269 994 3335 oliud'
986 3290 1018 3335 ιι
1037 3270 1095 3334 bac
1115 3271 1286 3352 epulatione

212 3347 386 3436 captabant,
412 3355 469 3418 nisi
494 3365 610 3423 tantum
635 3375 674 3418 ne
699 3356 857 3420 esurirent.
891 3375 963 3426 cum
987 3364 1065 3420 esset
1085 3357 1244 3421 Numantia
1269 3375 1285 3418 a

212 3439 353 3522 Scipione
372 3449 471 3522 capte,
491 3441 629 3507 inventae
649 3449 721 3508 sunt
741 3449 862 3518 matres,
885 3459 960 3522 quae
980 3441 1146 3512 liberorum
1162 3459 1287 3506 suorum
1370 3433 1371 3514 l

212 3532 351 3588 tenerent
364 3544 477 3588 semesa
491 3526 522 3586 in
538 3527 617 3588 sinn
614 3526 792 3608 corpora’.

738 3626 757 3661 st

302 3713 332 3762 10
350 3725 422 3762 suam
435 3708 446 3777 ΙΙ
462 3713 491 3764 18
509 3709 633 3763 devorant
649 3711 785 3762 Ιαιοιιίιιι
799 3709 804 3776 Ι
820 3710 906 3774 etiam]
928 3723 1003 3761 omne
1021 3707 1234 3788 Soatrgnanmfl
1256 3710 1286 3762 te

214 3775 464 3898 {aompptalivppodtml
478 3772 510 3832 le
529 3777 634 3831 accedet
645 3779 656 3846 ll
669 3781 702 3833 bs
719 3779 760 3830 vis
773 3791 875 3846 quoque
888 3777 898 3846 l
911 3779 944 3829 29
961 3775 1062 3828 obsessi
1074 3775 1287 3846 lltttmhustmfl

436 4179 823 4412 Δ
