2772 4476
208 221 249 285 38
664 221 817 276 rurnortu

205 398 296 462 habui
311 415 481 478 uunquam;
503 413 591 458 nemo
607 395 679 457 mihi
693 395 725 456 in
740 396 805 474 loro
829 395 901 456 dixit
915 395 1040 469 “redde,
1063 395 1142 474 quod
1158 395 1276 460 debes”.
1296 404 1323 455 11

207 485 338 566 glebulas
353 484 426 558 emi,
441 481 602 543 lamelullas
616 481 729 560 paravi3
750 480 855 559 viginti
873 488 994 542 ventres
1008 498 1097 561 pasco
1113 487 1143 541 et
1156 499 1276 559 canem;

158 569 165 622 i
207 569 451 632 contubernalem
466 583 560 628 meam
573 566 698 641 redemi,
721 585 759 627 ne
781 565 847 644 quis
869 565 899 627 iu
921 569 989 626 sino
1003 566 1082 628 illius
1096 584 1202 628 manus
1217 576 1278 630 ter-

206 663 303 735 geret;
323 655 403 716 mille
424 653 561 714 denarios
581 651 754 730 pro'capite
777 651 866 727 solvi;
888 650 965 712 sevir
980 651 1070 730 gratis
1085 653 1180 713 lactus
1195 671 1277 730 sum3

206 759 305 821 spero,
317 741 360 802 sie
374 738 502 813 moriar,
518 745 551 798 ut
565 745 701 798 mortuus
713 755 774 797 non
787 735 969 798 erubescam.
999 744 1031 796 tu
1047 744 1144 798 autem
1159 745 1219 799 tam
1235 738 1279 799 la·
1300 750 1315 800 b

205 825 344 888 boriosus
359 844 405 899 es,
421 831 454 885 ut
467 831 537 903 post
550 829 579 884 te
593 841 656 884 uon
671 819 833 902 respicias?
849 821 880 881 in
895 821 952 881 alio
968 821 1127 901 peduclum
1142 821 1231 898 vides,
1247 823 1278 884 iu

205 920 236 972 te
256 911 384 972 ricinum
406 927 468 971 non
488 907 577 969 vides.
606 907 661 970 tibi
681 907 734 969 soli
758 906 871 968 ridiclei
885 906 1032 982 videmur3
1053 925 1124 968 ecce
1139 907 1279 988 magister

207 1005 289 1069 tuus,
313 996 401 1056 homo
423 993 518 1054 maior
538 1000 640 1054 natus:
661 993 811 1072 placemus
826 991 876 1052 illi.
906 1000 938 1053 tu
953 991 1142 1054 lactieulosus
1156 1011 1213 1054 nec
1228 1011 1278 1054 nm

207 1097 264 1141 nec
279 1097 327 1140 ma
340 1087 472 1158 argutas,
494 1096 581 1140 vasus
595 1078 708 1152 fictilis,
723 1078 814 1138 immo
830 1077 912 1138 lorus
927 1076 957 1137 in
975 1095 1058 1155 aqua,
1074 1077 1200 1153 lentior,
1217 1096 1278 1140 non

206 1164 320 1226 melior.
356 1172 389 1226 tn
404 1163 518 1225 beatior
533 1181 579 1224 es:
600 1163 645 1224 bis
666 1164 796 1243 prande,
820 1162 866 1223 his
881 1180 963 1222 cena.
1010 1163 1168 1240 egelidam
1185 1181 1281 1224 meam
1303 1171 1329 1225 10

206 1249 283 1312 malo
299 1265 387 1328 quam
401 1251 565 1311 thesauros.
594 1248 630 1310 ad
645 1266 804 1322 summam,
828 1247 983 1326 quisquam
998 1266 1046 1308 mo
1060 1247 1107 1309 bis
1121 1247 1280 1328 poposcit?

184 1335 293 1408 ¹anuis
314 1334 506 1414 quadraginta
521 1334 639 1410 servivi;
662 1351 749 1394 nemo
770 1331 967 1406 tamensem,
987 1341 1088 1394 utrum
1110 1351 1213 1396 servus
1234 1352 1281 1396 es-

206 1437 268 1482 sem
293 1438 330 1481 an
351 1420 435 1481 liber.
478 1427 507 1481 et
521 1438 597 1500 puer
612 1418 765 1498 capillatus
785 1418 815 1480 in
831 1418 910 1479 hane
925 1417 1072 1479 coloniam
1085 1418 1170 1495 veni;
1186 1420 1281 1481 adhuc

206 1505 326 1566 basilica
341 1523 400 1567 non
418 1514 481 1566 erat
495 1506 581 1566 lacta.
611 1505 677 1566 dedi
692 1513 792 1565 tamen
808 1520 944 1582 operam,
967 1510 1001 1562 ut
1016 1503 1136 1564 domino
1152 1505 1222 1566 satis
1235 1505 1280 1566 la·

207 1607 320 1665 cerem,
344 1590 457 1652 homini
471 1591 604 1652 maiiesto
626 1597 655 1650 et
670 1589 849 1668 dignitosso,
871 1588 955 1650 cuius
969 1588 1064 1667 pluris
1084 1597 1146 1649 erat
1161 1589 1280 1668 unguis,
1303 1597 1330 1649 15

207 1691 296 1755 quam
309 1684 343 1737 tu
357 1684 437 1737 totus
452 1695 492 1737 es.
522 1684 552 1736 et
565 1675 709 1736 habebam
725 1675 756 1736 in
777 1675 883 1748 domo,
906 1673 956 1752 qui
977 1673 1048 1734 milri
1062 1675 1169 1754 pedem
1184 1693 1280 1754 oppo-

206 1771 315 1823 nerent
328 1761 384 1822 hac
398 1761 479 1836 illac;
500 1770 599 1822 tamen
614 1761 759 1838 -genio
775 1759 852 1821 illius
874 1759 1036 1838 gratias-
1053 1758 1177 1820 enatavi.
1207 1761 1281 1822 haec

206 1856 277 1907 sunt
290 1865 359 1907 vera
373 1847 466 1922 athla;
491 1864 557 1906 nam
582 1841 637 1928 [in]
660 1846 825 1924 ingenuum
847 1844 928 1905 nasci
950 1852 1009 1904 tam
1032 1844 1117 1904 facile
1132 1852 1177 1906 est
1191 1863 1280 1924 quam

207 1931 334 1992 “accede
349 1931 452 1992 istoc”.
482 1929 551 2008 quid
568 1949 651 1991 nunc
666 1938 766 2010 stupes
786 1940 926 2007 tanquam
942 1929 1043 1990 hircus
1057 1929 1088 1990 in
1105 1928 1237 1992 ervilia‘l'

156 2030 196 2094 58
291 2016 430 2095 posthoc
446 2014 557 2076 dictum
573 2014 677 2088 Giton,
693 2014 744 2093 qui
760 2013 901 2093 adpedes
916 2014 1026 2087 stabat,
1049 2014 1141 2076 risum
1157 2015 1215 2076 iam
1230 2013 1283 2078 diu
1303 2024 1330 2075 nt

206 2119 410 2180 compressum
427 2101 514 2162 etiam
535 2101 710 2162 indecenter
732 2100 843 2160 effudit.
873 2098 953 2179 quod
974 2117 1043 2161 cum
1058 2099 1280 2163 animadvertis·

205 2193 251 2248 set
266 2185 448 2248 adversarius
463 2185 590 2266 Ascylti,
605 2186 686 2246 flexit
700 2184 867 2246 convicium
881 2185 912 2252 iu
928 2203 1053 2264 puerum
1070 2193 1100 2245 et
1115 2190 1156 2247 ‘tu
1172 2185 1280 2248 autem'

205 2270 303 2350 inquit
324 2272 422 2333 ‘etiam
436 2282 468 2333 tu
484 2271 579 2346 rideS,
602 2289 691 2352 caepa
707 2267 836 2332 cirratal
851 2270 879 2330 io
895 2270 1069 2345 Saturnalia,
1084 2289 1173 2349 rogo,
1194 2289 1280 2333 meu·

205 2356 246 2418 sis
260 2357 417 2418 december
438 2355 505 2419 est?
539 2357 657 2436 qnando
672 2356 842 2418 vicesimam
858 2353 1041 2417 numerasti?
1150 2356 1219 2434 quid
1236 2359 1279 2418 la·

156 2439 167 2496 ἰ
206 2442 272 2518 ciat,
291 2443 388 2504 crucis
405 2443 482 2518 ollla,
499 2459 655 2503 corvorum
671 2441 790 2504 cibaria.
820 2441 940 2515 curabo,
956 2440 1013 2501 iam
1030 2439 1083 2502 tibi
1098 2441 1174 2502 lovis
1188 2442 1281 2504 iratus
1302 2449 1329 2500 tl

205 2527 252 2602 sit,
269 2535 298 2588 et
311 2528 359 2589 isti
374 2528 425 2606 qui
439 2527 493 2588 tibi
509 2546 570 2588 non
586 2528 718 2606 imperat.
748 2527 788 2587 ita
802 2534 884 2588 satur
898 2543 975 2606 pane
991 2527 1068 2600 fiam,
1084 2533 1117 2587 ut
1132 2545 1187 2606 ego
1201 2527 1281 2590 istud

206 2611 373 2673 conliberto
389 2629 455 2674 meo
471 2612 568 2685 dono;
591 2612 722 2690 alioquin
745 2610 801 2673 iam
824 2610 877 2671 tibi
893 2611 1165 2690 depraesentiarum
1181 2613 1280 2675 reddi-

206 2695 323 2758 dissem.
352 2697 430 2758 bene
447 2715 503 2758 nos
519 2693 670 2772 habemus,
687 2705 717 2758 at
727 2696 775 2758 isti
787 2714 892 2774 nugae,
908 2696 958 2776 qui
973 2695 1028 2758 tibi
1045 2715 1106 2757 non
1122 2697 1281 2776 imperant.

205 2780 295 2861 plane
310 2781 404 2860 qualis
419 2781 572 2856 dominus,
594 2781 660 2844 talis
678 2793 707 2842 et
721 2799 832 2844 servus.
867 2780 915 2841 vix
937 2799 984 2842 me
1006 2789 1112 2857 teneo,
1135 2801 1192 2843 nec
1213 2801 1280 2845 sum

206 2874 311 2927 natura
327 2865 570 2940 caldicerebriuS,
592 2867 642 2930 sed
663 2885 731 2928 cum
749 2866 849 2947 coepi,
871 2875 996 2928 matrem
1017 2884 1112 2928 meam
1135 2867 1281 2948 dupundii
1302 2873 1330 2924 ac

206 2969 269 3012 non
284 2950 369 3040 facio.
406 2960 501 3027 recte,
517 2952 622 3014 videbo
636 2960 665 3013 te
680 2951 711 3013 in
727 2951 894 3033 publicum,
917 2970 998 3026 mus,
1014 2951 1104 3014 immo
1121 2960 1218 3014 terrae
1232 2961 1281 3015 tu·

205 3035 277 3097 ber:
301 3053 357 3098 nec
371 3055 489 3099 sursum
506 3055 563 3098 nec
577 3038 716 3099 deorsum
735 3055 795 3099 non
813 3055 929 3112 cresco,
952 3036 1010 3098 nisi
1026 3037 1281 3100 dominumtuum

206 3122 238 3182 iu
253 3129 337 3183 rutae
351 3122 455 3184 lolium
471 3117 558 3206 [non]
574 3122 740 3197 coniecere,
755 3140 812 3184 nec
826 3122 879 3183 tibi
894 3140 1025 3202 persero,
1041 3123 1110 3184 lieet
1124 3124 1280 3185 mehercu-

206 3207 249 3268 les
263 3207 363 3268 lovem
379 3206 549 3288 Olympium
564 3208 680 3269 clames.
728 3206 847 3282 curabo,
870 3207 959 3286 louge
974 3207 1028 3268 tihi
1042 3207 1081 3269 sit
1095 3209 1210 3270 comula
1225 3209 1281 3272 ista

206 3289 314 3352 besalis
335 3300 365 3352 et
386 3292 524 3354 dominus
547 3293 779 3373 dupunduarius.
812 3301 908 3367 reate,
937 3293 1038 3354 venies
1066 3293 1121 3355 sub
1143 3295 1281 3356 dentem:
1303 3301 1333 3352 ³5

207 3384 258 3438 aut
273 3393 329 3455 ego
343 3393 404 3437 non
421 3395 467 3438 me
483 3379 571 3453 nori,
594 3386 644 3439 ant
667 3397 728 3439 non
745 3376 904 3452 deridebis,
926 3377 995 3440 licet
1016 3377 1139 3440 barbam
1161 3397 1283 3442 auream

207 3461 326 3523 habeas.
364 3462 477 3523 Athana
492 3462 546 3523 tihi
561 3463 633 3524 irata
648 3462 700 3538 sit,
723 3462 844 3537 curabo,
868 3469 897 3524 et
912 3463 963 3542 qui
978 3469 1006 3524 te
1021 3463 1135 3542 primus
1150 3464 1283 3527 deurode

207 3547 287 3608 lecit.
329 3564 389 3608 non
406 3546 493 3608 didici
516 3548 706 3628 geometrias,
729 3547 830 3609 critica
853 3556 882 3609 et
896 3548 1005 3628 alogias
1019 3549 1149 3624 manias,
1172 3551 1222 3612 sed
1239 3550 1283 3611 la·

208 3632 336 3712 pidarias
349 3632 449 3694 literas
463 3633 542 3710 scio,
564 3641 664 3714 partes
678 3641 797 3696 eentum
815 3634 881 3696 dico
897 3633 932 3694 ad
947 3651 1013 3707 aes,
1035 3633 1070 3694 ad
1086 3633 1220 3716 pondus,
1244 3635 1282 3696 ad

295 3787 325 3836 15
343 3785 404 3836 mali
421 3784 472 3837 isto
489 3782 498 3852 ll
522 3786 554 3838 23
573 3784 660 3838 tardes
678 3800 740 3852 cepa
758 3783 851 3852 pirrata
870 3799 885 3836 o
903 3781 912 3853 ll
934 3786 967 3836 24
986 3786 1115 3848 temptavi
1133 3785 1283 3848 numerasti,

209 3851 347 3917 stigmatia,
365 3852 468 3921 erneisi!
480 3855 512 3906 28
531 3857 575 3905 aut
592 3853 635 3905 isti
653 3868 735 3920 geuge
746 3851 756 3922 ll
769 3843 800 3905 19
819 3854 875 3918 nec]
895 3856 922 3905 et
936 3851 945 3920 ΙΙ
962 3853 994 3904 30
1013 3850 1102 3903 caldus
1120 3851 1187 3904 cicer
1204 3852 1262 3906 eius
1274 3851 1285 3923 11

209 3920 241 3974 32
259 3921 330 3983 [ιιοιι]
348 3933 459 3973 crescam
477 3922 657 3974 Hadriaaidea
674 3918 684 3990 ΙΙ
707 3924 739 3974 33
763 3921 874 3973 coniecit
888 3919 893 3990 Ι
908 3934 954 3987 par
974 3931 1018 3970 ero
1036 3917 1045 3986 ΙΙ
1063 3921 1094 3972 37
1115 3919 1197 3971 latere
1213 3925 1285 3988 puto

206 4001 336 4052 graecum
353 3989 406 4038 tale
424 3987 588 4042 eleutherode
606 3985 616 4056 ΙΙ
632 3991 664 4042 38
682 4003 766 4041 meras
783 3987 924 4040 Mantala'm
