2768 4480
218 189 278 248 158
596 192 744 248 GthllNh
761 192 904 248 PBthllh

264 375 279 424 a
321 366 409 428 huius
424 385 492 428 nam
508 366 620 428 domini
635 367 738 429 colunt
752 386 800 428 me
814 368 963 446 deumque
978 368 1108 430 salutant

322 452 462 531 pauperis
477 453 577 530 tuguri
591 461 677 532 pater
691 452 828 531 filiusque
843 453 1026 529 adulescens,

321 537 395 598 alter
410 537 525 599 assidua
540 554 648 599 cavens
662 537 823 618 diligentia,
840 545 871 599 ut
886 537 997 600 herbae

320 639 407 701 asper
422 631 472 683 aut
486 621 580 684 rubus
595 641 611 683 a
626 641 693 684 meo
708 623 769 684 sint
783 631 896 683 remota
911 623 1028 695 sacello,

320 707 395 767 alter
408 724 496 786 parva
512 725 602 768 manu
617 709 717 770 ferens
732 725 819 786 saepe
834 726 959 769 munera
974 709 1065 786 larga.

251 796 279 851 10
322 791 427 852 florido
442 793 513 854 mihi
528 793 652 871 ponitur
665 794 743 873 picta
758 810 827 854 vere
842 794 961 867 corolla,

321 877 459 955 primitus
474 887 574 940 tenera
592 879 691 940 virens
706 878 788 958 spica
802 879 899 940 mollis
913 879 1012 952 arista,

322 963 417 1023 luteae
432 962 524 1024 violae
539 963 610 1024 mihi
624 963 811 1042 laneumque
826 982 954 1044 papaver

320 1046 523 1127 pallentesque
538 1047 709 1110 cucurbitae
724 1058 754 1109 et
768 1067 856 1110 suave
872 1049 980 1110 olentia
995 1047 1080 1123 mala,

321 1150 376 1192 uva
390 1133 545 1212 pampinea
561 1127 672 1196 rubens
687 1133 809 1194 educata
825 1132 881 1196 sub
897 1132 1010 1195 umbra.

251 1223 279 1274 15
322 1216 467 1294 sanguine
482 1217 554 1279 hacc
569 1218 657 1279 etiarn
671 1219 742 1280 mihi
757 1253 798 1264 -
814 1219 868 1281 sed
882 1217 1017 1280 iacebitis
1031 1252 1072 1262 —
1088 1236 1167 1279 arma

320 1300 461 1363 barbatus
475 1302 541 1364 linil
554 1303 687 1366 hirculus
702 1304 900 1384 cornipesque
915 1302 1034 1384 capella.

319 1404 375 1465 pro
390 1385 457 1465 quis
470 1388 572 1449 munia
586 1388 752 1450 honoribus
767 1407 849 1451 nunc
865 1406 987 1451 necesse
1002 1387 1111 1468 Priapo
1127 1398 1171 1452 est

318 1481 467 1550 praestare
483 1482 513 1534 et
527 1473 639 1534 domini
655 1474 808 1536 hortulum
822 1475 999 1552 vineamque
1014 1475 1100 1534 tueri.

321 1574 412 1634 quare
426 1556 506 1632 hinc,
523 1579 540 1620 o
556 1557 650 1638 pueri,
666 1559 756 1620 malas
770 1558 916 1622 abstinete
931 1559 1058 1638 rapinas.

248 1648 276 1700 20
318 1641 433 1704 ricinus
449 1662 543 1723 prope
559 1643 638 1704 dives
653 1653 698 1706 est
713 1644 926 1726 negligensque
941 1643 1080 1723 Priapus:

318 1727 389 1787 inde
404 1728 519 1802 sumite,
535 1729 638 1790 semita
652 1729 726 1791 haec
740 1729 846 1791 deinde
860 1750 913 1792 vos
928 1730 1002 1790 leret
1019 1729 1090 1810 ipsa.

297 1927 420 1980 Lxxxvr
439 1933 452 1980 Ἰ
473 1929 560 1982 colens
581 1929 585 1997 Ι
609 1933 639 1982 17
658 1931 742 1984 omnia
766 1931 907 1984 honoribus
931 1931 979 1984 hcc
1004 1931 1061 1998 120
1086 1929 1171 1998 Priapi
1196 1928 1282 1980 Tbiel·
1381 1925 1382 2008 l

212 2011 328 2047 mannas
1379 2031 1382 2148 4
