2768 4480
208 145 270 206 242
533 143 785 200 rnsrlucrtrvu
801 143 957 199 Portunum

293 319 379 399 ‘patri
389 337 455 380 meo
463 318 588 381 Verrino
601 318 730 380 Lardino
743 318 780 380 do
792 320 858 399 lego
870 319 932 382 dari
944 320 1059 398 glandis
1069 321 1286 402 modiosXXX‚

208 414 239 468 et
252 405 339 466 matri
354 423 437 466 mooe
452 404 611 466 Veturinae
627 403 748 466 Scrofae
763 405 800 466 do
815 406 881 485 lego
897 405 960 467 dari
975 405 1140 469 Laconicae
1156 408 1287 489 siliginis

207 490 324 553 modios
337 489 398 564 XL,
415 497 445 550 et
460 491 556 552 sorori
576 507 658 550 meae
674 489 832 565 Quirinae,
853 491 884 551 in
907 491 992 554 onius
1012 501 1114 553 votum
1135 493 1286 558 interesse

208 595 270 638 non
286 575 380 656 potui,
395 575 433 636 do
449 575 515 655 lego
530 575 594 636 dari
607 574 712 636 hordei
726 575 842 637 modios
852 575 940 637 XXX.
978 577 1058 638 etde
1072 577 1147 639 meis
1161 579 1287 642 visceri-

207 661 264 723 bus
286 660 361 722 dabo
384 660 502 721 donabo
524 659 676 722 sutoribus
698 669 807 735 saetas,
831 661 980 723 risoribus
1002 663 1162 742 capitinas‚
1185 667 1287 728 surdis
1308 677 1320 725 5

208 745 369 816 auriculas,
392 745 546 808 causidicis
568 753 598 807 et
619 743 753 807 verbosis
773 746 918 826 linguam,
945 746 1109 810 bubulariis
1131 749 1285 826 intestina,

207 831 341 893 isiciariis
356 831 483 905 leniora,
506 829 680 893 mulieribus
700 829 864 905 lumbulos,
889 832 988 911 pueris
1010 833 1151 906 vesicam,
1175 836 1286 915 puellis

208 917 339 990 caudam,
355 915 484 978 cinaedis
500 916 659 991 musculos,
675 916 849 978 cursoribus
864 925 894 978 et
914 917 1105 980 venatoribus
1125 919 1218 995 talos,
1240 922 1284 982 la-

206 1001 345 1064 tronibus
359 1001 495 1082 ungulas.
525 1010 556 1062 et
572 1019 627 1062 nec
643 1002 826 1063 nominando
842 1020 915 1063 coco
926 1003 1021 1082 legato
1034 1002 1151 1065 dimitto
1162 1006 1281 1085 popiam

208 1096 240 1156 et¹
250 1087 402 1168 pistillum,
417 1105 493 1165 quae
508 1104 625 1154 mecum
646 1087 816 1149 attuleram:
840 1087 876 1148 de
891 1086 1019 1149 Tebeste
1038 1107 1134 1168 usque
1155 1089 1192 1150 ad
1209 1091 1283 1152 Ter·
1304 1099 1331 1150 lo

206 1179 288 1251 geste
304 1171 375 1251 liget
389 1169 445 1233 sibi
461 1171 569 1232 collum
584 1173 620 1233 de
635 1181 722 1234 reste.
753 1180 782 1234 et
795 1173 861 1233 velo
877 1171 949 1232 mihi
967 1174 1031 1234 fieri
1051 1185 1283 1237 monumentum

207 1256 304 1318 aureis
322 1256 428 1319 litteris
448 1258 607 1337 scripturn:
630 1255 677 1318 ‘ln
694 1257 847 1320 Grunnius
863 1256 1019 1319 Corocotta
1039 1259 1192 1338 porcellus
1213 1262 1285 1324 vixit

206 1340 292 1403 annis
315 1339 432 1404 DCGCC
446 1371 452 1385 ·
467 1341 516 1403 XC
531 1372 536 1385 ·
551 1342 630 1404 Vllll
645 1374 651 1387 ·
666 1343 686 1404 S
701 1373 707 1387 ·
723 1343 802 1423 quod
825 1343 849 1405 si
872 1343 1023 1405 semissem
1042 1344 1180 1420 vixisset,
1203 1347 1281 1407 mille

207 1445 303 1488 annos
317 1425 487 1508 implesset'.
524 1429 626 1509 optimi
642 1436 787 1491 amatores
801 1428 859 1490 mei
874 1429 920 1488 vel
940 1430 1078 1491 eonsules
1093 1430 1184 1504 vitae,
1206 1450 1281 1510 rogo

205 1531 258 1574 vos
272 1521 306 1573 ut
321 1531 387 1574 cum
404 1531 531 1594 corpore
547 1531 613 1576 meo
628 1513 706 1576 bene
721 1513 849 1589 faciatis,
870 1512 949 1574 bene
971 1514 1114 1576 condiatis
1136 1514 1174 1576 de
1195 1515 1281 1578 bonis
1301 1524 1324 1574 15

207 1596 405 1660 condimentis
421 1599 528 1674 nuclei,
544 1599 655 1679 piperis
670 1608 700 1660 et
716 1599 820 1675 mellis,
841 1607 874 1660 ut
894 1617 1005 1660 nomen
1027 1617 1129 1662 meum
1149 1600 1181 1662 in
1204 1620 1280 1664 sem·

206 1683 357 1764 piternum
380 1683 561 1746 nominetur.
601 1685 658 1766 mei
680 1683 793 1746 domini
813 1683 860 1744 vol
882 1683 1054 1746 consobrini
1076 1685 1152 1762 mei,
1176 1687 1279 1767 quiin

206 1767 303 1829 medio
318 1776 495 1831 testamento
511 1769 695 1844 interfuistis,
710 1768 811 1832 iubete
826 1767 955 1850 signari'.

277 1853 543 1934 .Lardiosignavit.
567 1854 853 1934 Ofellicussignavit.
876 1853 1194 1934 Cyminatussignavit.
1222 1855 1278 1917 Lu-

141 1961 144 1966 ·
206 1937 472 2016 eanioussignavit.
502 1939 793 2019 Tergillussignavit.
825 1931 1104 2018 Celsinus'signavit.
1136 1941 1322 2020 Nuptiali-bt

206 2039 259 2084 eus
273 2023 407 2100 signavit.

291 2107 411 2188 explicit
428 2117 637 2170 testamentum
658 2110 780 2189 porcelli
802 2108 857 2171 sub
878 2110 925 2172 die
946 2109 1010 2169 XVl
1031 2109 1087 2171 kal.
1109 2110 1278 2172 lucerninas

206 2192 359 2256 Clibanato
375 2204 404 2256 et
419 2195 555 2274 Piperato
572 2195 745 2257 oonsulibus
759 2195 893 2256 feliciter.

294 2385 305 2431 1
325 2379 417 2446 delego
436 2380 505 2446 (lego
523 2379 554 2443 B)
568 2379 605 2446 ll
623 2378 715 2445 delego
728 2378 766 2498 Ψ
784 2377 877 2444 delego
893 2378 946 2428 llll
960 2377 1021 2445 lego
1037 2378 1070 2430 B.
1101 2379 1201 2431 demut
1217 2382 1279 2432 baec

206 2449 234 2497 lo
251 2445 293 2516 ΡΙΙ
313 2450 327 2499 5
347 2447 413 2500 dabo
432 2451 458 2500 et
475 2446 577 2499 donabo
594 2447 619 2499 P
632 2447 708 2500 dabo.
752 2447 801 2498 abo
819 2447 842 2496 B
860 2446 927 2498 dabo
945 2446 989 2515 Ill
1004 2446 1158 2500 rixatoribns
1177 2449 1280 2500 Brassi-

206 2531 290 2568 oanus
301 2514 340 2584 {ld
359 2515 492 2569 botulariis
511 2517 645 2582 Hauptiue
658 2514 694 2584 ΙΙΘ
713 2518 739 2567 et
758 2529 807 2566 om.
825 2514 849 2565 B
865 2515 870 2582 Ι
887 2518 917 2568 10
935 2513 1090 2567 abstuleram
1107 2515 1135 2566 D
1161 2513 1279 2568 dederam

205 2584 278 2649 llla
296 2583 396 2636 tebeste
414 2585 438 2634 B
452 2585 457 2652 Ι
473 2585 580 2636 terreste
598 2584 626 2635 H
639 2587 757 2634 terrestre
774 2582 848 2634 BDP
888 2586 915 2634 11
937 2582 1005 2636 collo
1023 2583 1064 2650 ΡΙΙ
1089 2585 1119 2635 12
1139 2597 1170 2635 ex
1189 2584 1278 2636 litteris

205 2652 288 2704 aureis
308 2650 347 2720 Pl
364 2654 394 2704 13
412 2652 433 2703 si
452 2651 529 2703 semis
545 2651 594 2702 BP
607 2652 630 2703 si
647 2654 752 2701 tantum
768 2649 802 2700 D.
834 2648 890 2712 soit
905 2653 1035 2702 nimirum
1053 2651 1074 2702 si
1094 2659 1116 2701 S.
1130 2650 1140 2718 ΙΙ
1155 2653 1185 2704 1Ί
1204 2651 1278 2704 modo

205 2719 302 2771 domini
320 2719 370 2770 mei
387 2719 411 2770 B
427 2721 431 2784 Ι
452 2720 496 2786 qui
514 2734 573 2772 mee
590 2723 745 2772 testamento
762 2718 812 2769 BD
830 2719 839 2785 ΙΙ
858 2721 890 2771 20
909 2718 1032 2772 Celsanus
1049 2719 1105 2773 ΒΡ.
1142 2721 1216 2772 deest
1233 2723 1279 2771 boe

204 2803 301 2908 pomae
318 2791 366 2906 ioH
357 2788 389 2839 H.
414 2786 699 2849 fortosaedelsinienus
711 2785 720 2856 ΙΙ
735 2788 767 2840 22
782 2790 964 2840 testamentum
979 2803 1012 2842 m.
1028 2804 1053 2854 p.
1070 2788 1118 2840 sub
1127 2788 1158 2839 B.
1183 2792 1279 2840 omissa

224 2869 270 2906 aec
287 2859 316 2907 io

200 4008 936 4384 rat-rs
1284 4095 1289 4106 ·
