2772 4476
571 213 709 270 Sarmat

40 395 91 446 Lo
262 405 331 476 mor
347 387 397 450 ubi
412 388 551 450 ridendas
565 387 685 451 inclusit
699 389 805 470 pagina
821 397 929 470 partes,

298 492 376 534 vera
391 473 467 536 redit
481 473 579 549 facies,
601 475 670 536 dum
687 475 820 568 simulata
843 475 928 556 perit.

189 661 246 703 nec
261 641 311 702 diu
332 649 430 704 tamur
449 641 577 704 lacrimis
599 643 724 719 indulsi,
746 644 798 706 sed
820 644 881 705 reri
881 651 945 718 tus,
968 664 1007 706 ne
1022 645 1171 707 Menelaus
1189 646 1228 710 81

100 728 192 790 etiam
213 727 446 790 antescholarius
468 728 546 788 inter
567 736 664 789 cetera
685 729 761 790 mala
783 729 878 791 solum
893 748 940 792 me
958 730 989 792 in
1004 730 1171 792 deversorio

58 825 74 873 5
101 811 267 888 inveniret,
295 812 402 890 collegi
423 813 585 875 sarcinulas
606 813 763 892 locumque
785 819 930 876 secretum
953 823 982 876 et
1005 816 1173 914 proximum

97 899 180 960 litori
195 905 325 958 maestus
344 898 481 960 conduxi.
518 897 560 958 ibi
573 898 671 959 triduo
688 899 819 966 inclusus
835 900 1001 962 redeunte
993 901 1171 962 inanimum

101 982 263 1046 solitudine
278 990 367 1061 atque
390 991 562 1063 contemptu
577 983 768 1046 verberabam
784 1003 903 1062 aegrum
918 985 1086 1082 planctibus
1101 1004 1171 1066 pec·

53 1074 79 1126 L
101 1076 153 1130 tus
171 1065 176 1150 ι
195 1075 224 1129 ιι
238 1067 317 1128 inter
331 1076 375 1129 tot
389 1068 547 1130 altissimos
569 1069 695 1148 gemitus
717 1069 889 1148 frequenter
904 1070 992 1131 etiam
1006 1071 1171 1150 proclama·
1290 1058 1306 1102 ⁶

100 1153 186 1214 bam.
216 1156 297 1232 ‘ergo
325 1171 371 1214 me
395 1173 456 1214 non
483 1154 570 1214 ruina
591 1161 667 1214 terra
690 1155 784 1233 potuit
813 1153 951 1216 haurire?
981 1175 1042 1218 non
1066 1156 1172 1217 iratum

3 1317 4 1320 ι
41 1249 73 1299 10
102 1237 190 1300 etiam
213 1238 424 1300 innocentibus
450 1236 553 1300 mare‘l
583 1239 672 1316 effugi
694 1239 849 1314 iudicium,
878 1241 1043 1302 harenae'
1036 1241 1172 1321 imposui,

98 1323 248 1403 hospitem
264 1323 372 1398 occidi,
396 1332 429 1386 ut
451 1324 529 1386 inter
543 1333 584 1385 tot
599 1324 737 1386 audaciae
759 1326 879 1388 nomina
901 1325 1071 1401 mendicus,
1095 1327 1171 1401 exul,

98 1409 130 1471 in
156 1407 326 1469 deversorio
349 1407 477 1470 Graecae
504 1409 587 1470 urbis
614 1410 740 1472 iacerem
768 1409 927 1474 desertus?
957 1418 987 1473 et
1008 1411 1074 1489 quis
1095 1412 1172 1473 hanc

98 1493 173 1555 mihi
196 1492 386 1555 solitudinem
407 1491 569 1573 imposuit?
598 1494 770 1557 adulescens
793 1495 874 1556 omni
895 1494 1024 1570 libidine¹
1039 1496 1172 1575 impurus

100 1587 131 1640 et
145 1596 200 1640 sua
216 1596 334 1657 quoque
349 1579 539 1641 consessione
554 1579 662 1658 dignus
676 1579 772 1653 exilio,
789 1589 892 1660 stupro
908 1579 992 1653 liber,
1009 1588 1113 1660 stupro
1125 1581 1171 1642 in-

46 1673 75 1724 15
98 1681 233 1743 genuus,
250 1663 334 1726 cuius
348 1664 420 1725 anni
435 1665 471 1725 ad
485 1672 625 1726 tesseram
641 1665 813 1736 venierunt,
829 1683 919 1743 quem
934 1673 1072 1743 tanquam
1109 1666 1180 1727 uel··

100 1749 160 1810 lam
176 1749 318 1810 conduxit
333 1749 418 1810 etiam
436 1749 486 1828 qui
500 1749 596 1810 virum
610 1749 730 1829 putarit.
760 1749 831 1828 quid
854 1749 901 1811 ille
916 1747 1011 1810 alter‘l
1027 1749 1078 1828 qui
1088 1684 1172 1834 itau-

100 1829 202 1916 quam]
218 1833 266 1894 die
280 1842 365 1913 togae
380 1834 471 1896 virilis
486 1835 591 1896 stolam
606 1834 745 1914 sumpsit,
762 1835 812 1914 qui
828 1853 866 1896 ue
881 1834 924 1894 vir
939 1842 1025 1909 esset,
1042 1854 1059 1896 a
1074 1843 1166 1896 matre

99 1937 261 2000 persuasus
277 1927 334 1993 est,
359 1919 409 2016 qui
431 1938 508 2000 opus
529 1919 695 1982 muliebre
688 1940 719 1981 ιι
742 1927 839 2000 ergast
826 1921 888 2019 tulo
910 1919 995 1994 lecit,
1019 1920 1069 2017 qui
1091 1927 1173 2019 post·

44 2100 74 2150 ιο
98 2089 242 2150 micitiae
258 2107 368 2150 nomen
384 2097 412 2150 et
414 2109 492 2169 ,pro
507 2091 619 2170 pudor,
635 2100 775 2170 tanquam
791 2090 896 2152 mulier
910 2090 1069 2152 secutuleia
1084 2090 1173 2154 unius

102 2174 199 2272 noctis
226 2181 307 2236 tactu
334 2174 432 2236 omnia
460 2176 598 2272 uendidit.
642 2175 739 2237 iacent
772 2194 853 2237 nunc
881 2184 1027 2273 amatores
1053 2175 1173 2272 obligati

102 2295 237 2406 tudinem
253 2362 358 2406 meam.
388 2345 515 2406 sednon
532 2345 663 2424 impune
692 2362 761 2406 nam
776 2352 826 2406 aut
839 2345 883 2405 ιιι
897 2363 952 2422 ego
963 2343 1098 2424 liberque
1109 2363 1172 2406 non

102 2448 179 2504 sum,
196 2437 246 2491 aut
261 2430 350 2491 noxio
365 2431 509 2510 sanguine
524 2429 710 2529 parentabo
703 2429 828 2491 iniuriae
842 2427 944 2491 meae’.

49 2525 78 2576 25
180 2515 260 2576 baec
274 2515 392 2576 locutus
413 2515 508 2594 gladio
529 2517 605 2578 latus
627 2516 732 2612 cingo,
755 2522 784 2576 et
807 2534 844 2577 ne
867 2513 1021 2576 infirmitas
1041 2513 1172 2576 militiam
1191 2517 1232 2580 82

102 2599 251 2680 perderet,
267 2600 444 2679 largioribus
459 2600 532 2662 cibis
547 2601 643 2663 excito
658 2600 743 2662 vires.
775 2619 843 2662 mor
864 2600 895 2661 in
910 2598 1062 2680 publicum
1076 2599 1173 2678 prosi·

102 2684 143 2746 lio
158 2685 344 2764 furentisque
365 2704 450 2748 more
472 2705 577 2748 omnes
598 2685 746 2751 circumeo
761 2685 903 2767 porticus.
939 2684 1074 2747 ceddum
1098 2693 1157 2748 atto
1140 2704 1173 2746 o·

103 2769 168 2831 nito
190 2770 273 2831 vultu
295 2771 477 2850 elleratoqne
499 2771 572 2833 nibil
595 2771 671 2834 aliud
696 2789 781 2851 quam
805 2772 924 2833 caedem
946 2778 976 2831 et
997 2770 1172 2850 sanguinem

103 2854 204 2932 cogito
226 2855 470 2936 frequentiusque
491 2875 612 2918 manum
635 2857 669 2918 ad
692 2856 845 2936 capulum,
874 2874 961 2952 quem
991 2855 1173 2930 devoveram,

51 2949 80 3000 ιι
106 2939 223 3013 ιιιιιι,
247 2940 358 3001 ιιιιιιι
378 2960 425 3002 me
448 2942 546 3017 miles,
569 2942 628 3004 sive
650 2940 698 3002 ille
720 2941 828 3020 planus
849 2942 904 3002 luit
925 2940 985 3002 sive
1008 2947 1174 3002 nocturnus

103 3033 266 3122 grassator,
289 3033 319 3086 et
333 3027 414 3105 ‘quid
429 3027 470 3087 tu'
485 3026 582 3106 iuquit
595 3025 780 3101 commilito,
804 3045 840 3087 ex
861 3044 918 3104 qua
939 3024 1056 3103 legione
1078 3042 1110 3086 es
1124 3032 1175 3086 aut

103 3110 190 3172 cuius
204 3109 371 3173 centurial'
347 3099 472 3174 lodan
495 3111 731 3174 constantissime
753 3119 782 3172 et
803 3109 1009 3172 centurionem
1031 3117 1061 3170 et
1081 3109 1175 3188 legio·

104 3215 174 3258 nem
190 3213 284 3256 essem
300 3197 476 3272 ementitus,
499 3201 562 3276 ‘age
584 3196 664 3276 ergo’
685 3195 782 3275 inquit
798 3195 885 3256 ille‘'
878 3214 909 3255 ιι
932 3193 1064 3254 ιιιιιιιι
1077 3201 1173 3255 vestro

103 3280 283 3361 phaecasiati
299 3281 407 3344 milites
421 3280 602 3344 ambulant‘l’
632 3300 701 3343 cum
716 3280 822 3343 deinde
836 3279 917 3342 vultu
932 3287 1021 3359 atque
1036 3279 1099 3359 ipsa
1113 3287 1173 3342 tre-

52 3376 81 3426 35
102 3365 255 3446 pidatione
275 3368 461 3430 mendacium
487 3367 696 3448 prodidissem,
723 3384 837 3446 ponere
861 3379 906 3428 me
932 3364 1016 3427 iussit
1040 3382 1118 3425 arma
1145 3373 1175 3426 et

104 3451 182 3512 malo
198 3469 311 3512 cavere.
346 3452 525 3531 despoliatus
540 3471 626 3532 ergo,
649 3453 739 3513 immo
754 3451 887 3531 praecisa
901 3450 1014 3512 ultione
1035 3458 1115 3510 retro
1138 3449 1174 3512 ad

104 3535 307 3598 deversorium
328 3537 418 3600 tendo
440 3539 638 3618 paulatimque
658 3536 822 3600 temeritate
843 3538 936 3599 laxata
958 3535 1042 3615 coepi
1058 3551 1175 3612 grassa-

104 3621 178 3684 toris
193 3620 332 3683 audaciae
346 3622 454 3702 gratias
468 3641 555 3704 agere

193 3779 202 3827 ι
224 3774 341 3828 machina
364 3775 467 3853 ιιιιιιι·
482 3769 492 3840 Ι
509 3775 524 3826 2
543 3769 728 3839 dissimulatal
746 3773 778 3824 14
796 3771 874 3822 exitio
891 3767 1063 3834 ΡίιιιιιιιιΙΙ
1083 3771 1112 3822 ιι
1131 3783 1177 3822 ιι-

105 3847 197 3896 nudat
208 3840 217 3910 11
237 3842 344 3896 ιθιιιιι
355 3840 397 3894 dre
414 3840 458 3909 qni
470 3845 532 3922 tanq
533 3855 592 3894 uam
606 3837 697 3906 togael
692 3769 750 3906 Ιιι
763 3840 853 3904 potina
868 3837 927 3889 colli
962 3837 982 3888 tr
992 3834 1002 3903 Ιι
1020 3767 1058 3890 25Ι
1059 3767 1175 3907 ΙιιιιοιΙ

105 3913 138 3964 28
156 3915 329 3978 aspectamus
345 3907 502 3978 efferatoque
515 3857 610 3962 incedo
634 3922 666 3960 ac
724 3907 781 3960 nde
798 3903 934 3974 cogitans!
929 3851 996 3974 vdit
1013 3905 1100 3968 immo]
1118 3903 1176 3967 [ιι-

107 3983 175 4031 ιιιιι
192 3980 271 4032 armis
287 3977 296 4048 ΙΙ
315 3981 346 4032 at
365 3977 459 4031 lassata
