2772 4476
206 182 248 245 52
665 183 819 238 Pernouu

207 380 298 424 cursu
324 359 435 422 centies
460 359 627 422 sestertium
652 358 870 421 corrotundavi.
910 358 1007 420 statim
1032 357 1144 419 redemi
1168 358 1286 422 fundus
1307 365 1338 414 Η

207 465 328 521 omncs,
348 445 400 526 qui
415 445 534 525 patroni
546 445 604 506 mei
616 446 742 506 fuerant.
773 444 894 505 aedifico
909 445 1039 519 domum,
1054 443 1196 504 venalicia
1211 463 1287 507 coe·

207 551 257 593 mo
272 533 419 606 iumenta;
436 530 575 609 quicquid
586 530 752 609 tangebam,
768 529 920 590 crescebat
930 539 1072 608 tanquam
1083 530 1174 590 favus.
1197 539 1286 609 post·

206 635 298 697 quam
313 616 398 696 coepi
419 615 486 694 plus
507 614 631 689 hahere,
653 633 740 694 quam
763 622 823 676 tota
838 615 930 694 patria
950 631 1016 676 mea
1036 614 1137 688 habet,
1158 632 1285 678 manum

207 703 245 765 de
259 702 373 764 tabula:
390 700 496 762 sustuli
510 719 558 761 me
572 700 608 761 de
624 699 825 779 negotiatione
840 708 869 761 et
884 700 968 780 coepi
982 699 1106 761 libertos
1115 700 1285 784 faenerare.
1310 711 1327 758 5

208 796 239 848 et
259 806 330 849 sane
354 785 504 847 nolentem
527 803 575 846 me
596 785 747 865 negotium
769 802 867 846 meum
888 803 977 864 agere
993 784 1155 846 exhortavit
1169 785 1286 848 mothe-

207 873 346 946 maticuS‚
370 871 420 950 qui
437 878 557 932 venerat
571 871 647 931 lorte
662 871 692 931 in
709 870 856 931 coloniam
873 877 1019 943 nostram,
1041 868 1213 945 Graeculis,
1229 871 1287 932 Se·

207 975 279 1037 rapa
293 956 424 1030 nomine,
444 956 613 1018 consiliator
628 957 761 1016 deomm.
798 955 847 1016 hic
861 955 933 1015 mihi
947 955 1020 1016 dixit
1034 954 1121 1016 etiam
1136 972 1185 1029 ea,
1208 974 1287 1035 quae

209 1042 318 1104 oblitus
333 1059 428 1116 eram;
449 1040 487 1101 ah
502 1042 564 1102 acia
578 1049 608 1102 et
623 1059 678 1102 acu
693 1040 734 1101 mi
748 1039 848 1108 omnia
862 1041 1011 1120 exposuit3
1034 1039 1189 1102 intestinas
1202 1059 1288 1103 meas

209 1135 347 1200 noverat,
365 1134 481 1187 tantum
496 1128 574 1206 quod
589 1127 660 1187 mihi
676 1145 738 1188 non
754 1125 882 1197 dixerat,
904 1126 975 1204 quid
989 1125 1084 1205 pridie
1099 1143 1287 1188 cenaveram.
1311 1135 1340 1186 tu

153 1216 191 1275 77
210 1220 343 1292 putasses
358 1210 440 1271 illum
456 1229 574 1290 semper
587 1229 705 1272 mecum
721 1210 876 1274 habitasse.
909 1229 994 1290 rogo,
1016 1209 1155 1272 Habinna
1171 1243 1210 1256 --
1226 1231 1286 1291 pu-

209 1305 251 1372 to,
267 1297 426 1358 interfuisti
440 1317 498 1356 -:
522 1300 574 1357 “tu
595 1296 744 1358 dominam
766 1305 846 1356 tuam
870 1295 906 1356 de
928 1294 1018 1358 rebus
1038 1295 1095 1357 illis
1115 1295 1222 1362 iecisti..
1251 1305 1287 1360 tu

211 1400 318 1462 parum
333 1381 401 1442 lelix
416 1382 446 1442 in
463 1380 572 1442 amieos
587 1399 628 1443 es.
666 1400 753 1442 nemo
768 1399 901 1460 unquam
914 1381 967 1443 tibi
982 1399 1084 1460 parem
1098 1380 1223 1460 gratiam
1236 1394 1287 1443 re-

209 1469 276 1528 lert.
311 1474 346 1529 tu
368 1466 520 1528 latifundia
542 1467 683 1546 possides.
718 1475 751 1528 tu
772 1466 901 1548 viperam
927 1464 1049 1527 subala
1072 1465 1222 1528 nutricas¹’
1245 1476 1287 1542 et,

209 1552 291 1632 qnod
305 1551 389 1614 vobis
404 1571 466 1613 uon
485 1552 623 1625 dixerim,
641 1560 670 1613 et
685 1569 768 1612 nunc
781 1552 822 1612 mi
837 1561 949 1612 restare
964 1551 1038 1611 vitae
1054 1569 1151 1628 annos
1165 1550 1289 1629 triginta
1311 1563 1340 1612 te

209 1645 241 1699 et
254 1656 373 1699 menses
388 1645 529 1716 quattuor
549 1645 578 1698 et
597 1637 661 1699 dies
683 1638 765 1698 duos.
794 1645 947 1716 praeterea
967 1636 1027 1698 cito
1041 1636 1183 1715 accipiam
1198 1637 1288 1699 here·

209 1723 340 1784 ditatem.
377 1723 434 1783 hoc
448 1723 520 1783 mihi
541 1722 611 1784 dicit
631 1724 708 1784 latus
729 1739 823 1784 meus.
853 1722 932 1801 quod
955 1721 1152 1800 sicontigerit
1173 1721 1288 1786 fundos

211 1806 334 1886 Apuliae
349 1807 489 1887 iungere,
510 1807 581 1868 satis
601 1807 682 1868 vivus
696 1825 869 1886 pervenero.
900 1807 1019 1867 interim
1034 1807 1105 1868 dum
1120 1806 1289 1870 Mercurius

211 1892 328 1970 vigilat,
341 1891 489 1952 aedificavi
502 1892 580 1952 hanc
595 1893 725 1952 domum.
750 1899 785 1951 ut
797 1892 893 1965 scitis,
910 1891 1007 1954 casula
1020 1900 1097 1967 erat;
1113 1909 1196 1952 nunc
1210 1900 1288 1954 tem-

212 1976 293 2056 plum
309 1983 362 2036 est.
392 1975 481 2036 hahet
495 1983 634 2054 quattuor
648 1976 836 2050 cenationes,
858 1975 995 2038 cubicula
1016 1977 1132 2056 viginti,
1155 1978 1292 2057 porticus
1312 1988 1341 2038 a]

213 2069 408 2123 marmoratos
429 2061 518 2134 duos,
538 2079 640 2122 susum
662 2061 865 2136 cenationem,
889 2061 1058 2122 cubiculum
1083 2062 1114 2124 in
1140 2080 1202 2140 quo
1224 2063 1289 2142 ipse

212 2145 343 2219 dormio,
358 2145 474 2226 viperae
489 2144 577 2208 huius
591 2146 760 2221 sessorium,
776 2147 888 2208 ostiarii
904 2147 1005 2208 cellam
1021 2147 1202 2226 perbonam;
1217 2149 1289 2210 hos-

211 2231 317 2311 pitium
341 2225 474 2310 hospfites
500 2231 586 2310 capit.
622 2232 658 2293 ad
683 2250 842 2308 summam,
867 2232 996 2294 Scaurus
1021 2250 1089 2293 cum
1114 2233 1174 2296 hue
1198 2233 1289 2308 venit,

212 2335 362 2396 nusquam
383 2317 524 2378 mavoluit
537 2317 695 2397 hospitari,
718 2326 748 2378 et
768 2316 858 2378 hahet
879 2317 915 2378 ad
936 2335 1018 2378 mare
1039 2325 1200 2396 paternum
1217 2318 1289 2382 hos-

213 2401 328 2481 pitium.
366 2410 396 2463 et
417 2401 508 2463 multa
530 2402 584 2464 alia
599 2410 685 2476 sunt,
709 2422 784 2483 quae
806 2403 904 2466 statim
924 2402 1008 2464 vohis
1030 2402 1194 2464 ostendam.
1223 2421 1292 2464 cre-
1311 2413 1340 2464 25

211 2486 272 2547 dite
287 2487 375 2548 mihi:
398 2505 493 2549 assem
514 2486 638 2562 habeas,
664 2507 761 2550 assem
783 2489 894 2562 valeas,·
915 2487 1023 2559 hahes,
1044 2487 1209 2552 habeberis
1248 2489 1291 2552 sia

212 2570 326 2633 amicus
346 2579 457 2645 vester,
484 2572 534 2651 qui
555 2572 612 2633 luit
633 2591 721 2648 rana,
748 2592 830 2634 nunc
854 2582 979 2635 estrei.
1015 2573 1150 2647 interim,
1178 2572 1290 2649 Stiche,

214 2655 317 2735 proler
336 2656 446 2729 vitalia,
468 2657 500 2715 in
523 2655 631 2734 quihus
651 2653 717 2717 volo
732 2675 779 2720 me
794 2658 903 2719 efferri.
941 2659 1044 2737 proler
1057 2666 1087 2719 et
1101 2667 1291 2737 unguentum
1375 2717 1376 2732 ,

215 2747 245 2802 et
259 2758 295 2800 ex
309 2740 357 2800 illa
372 2742 513 2821 amphora
528 2750 661 2820 gustum,
685 2761 719 2804 ex
736 2761 794 2822 qua
808 2741 896 2804 iuheo
912 2743 1001 2804 lavari
1016 2761 1081 2806 ossa
1097 2742 1182 2804 mea!

158 2828 198 2891 78
301 2844 363 2886 non
377 2833 422 2887 est
436 2834 568 2888 moratus
582 2826 714 2900 Stichus,
737 2827 789 2890 sed
809 2835 841 2890 et
861 2828 1018 2906 stragulam
1041 2827 1136 2889 albam
1158 2837 1187 2889 et
1202 2847 1291 2908 prae·
1312 2838 1341 2888 ao

214 2917 323 2972 textam
337 2910 368 2971 ia
383 2910 543 2972 triclinium
558 2911 654 2972 attulit

215 2995 358 3075 iussitque
375 3015 430 3058 nos
444 3004 598 3076 temptare,
615 3015 651 3057 an
668 2996 756 3058 honis
767 2997 843 3060 lanis
854 3008 954 3060 essent
965 2999 1109 3062 conlecta.
1138 3005 1201 3058 tum
1217 2998 1290 3060 suh-

213 3080 315 3144 ridens
330 3082 404 3143 ‘vide
418 3081 461 3142 tu'
474 3082 572 3161 inquit
587 3081 711 3156 ‘Sticha‚
733 3101 772 3144 nc
787 3083 841 3145 ista
856 3102 956 3146 mures
971 3092 1095 3163 tangant
1109 3091 1159 3145 aut
1174 3084 1290 3159 tineae;
1374 3079 1375 3100 ¹

213 3165 344 3245 alioquin
370 3175 400 3228 te
423 3166 519 3229 rivum
546 3167 727 3229 comburam.
765 3187 832 3246 ego.
846 3169 993 3248 gloriosus
1020 3169 1087 3231 volo
1109 3168 1225 3243 efferri,
1257 3176 1291 3230 ut

214 3258 295 3312 totus
314 3252 386 3312 mihi
413 3252 542 3332 populus
564 3252 641 3314 bene
668 3253 867 3332 imprecetur'.
904 3255 1000 3316 statim
1026 3253 1184 3334 ampullam
1207 3253 1292 3315 nardi
1314 3263 1340 3312 aa

215 3335 331 3414 aperuit
353 3355 515 3416 omnesque
537 3357 593 3400 nos
607 3339 693 3399 unxit
707 3346 736 3399 et
754 3338 862 3418 ‘spero'
877 3339 974 3418 inquit
989 3341 1131 3401 ‘futurum
1146 3347 1180 3400 ut
1195 3357 1290 3418 aeque

215 3437 262 3480 me
284 3428 434 3482 mortuum
454 3422 533 3484 iuvet
552 3432 691 3502 unquam
712 3423 829 3484 vivum’.
859 3443 929 3486 nam
950 3426 1052 3487 vinum
1067 3423 1187 3503 quidem
1200 3424 1231 3484 in
1247 3423 1290 3484 vi-

214 3505 332 3566 narium
347 3505 432 3568 iussit
445 3507 564 3568 infundi
579 3519 609 3568 et
624 3516 735 3587 ‘putate
749 3508 810 3570 vos’
825 3509 866 3569 ait
880 3511 924 3571 ‘ad
941 3510 1103 3591 parentalia
1125 3527 1191 3570 mea
1214 3508 1289 3570 invi—

215 3599 291 3652 tatos
306 3590 390 3653 esse'.
1373 3589 1374 3594 ’

301 3745 316 3792 5
334 3756 380 3809 per
397 3741 504 3795 libertos
521 3742 646 3793 Heledus
665 3741 675 3809 ΙΙ
692 3745 708 3794 6
726 3743 831 3795 nolente
846 3743 851 3809 Ι
866 3744 982 3796 exoravit
1004 3745 1051 3794 aed
1066 3747 1096 3794 in
1113 3746 1239 3810 margine
1256 3741 1289 3795 al.

218 3807 362 3860 exhortavit
375 3809 384 3878 l
398 3813 428 3864 1⁰
446 3810 508 3862 mihi
519 3811 642 3862 additam
656 3813 687 3861 a'a
696 3815 822 3877 mergam
835 3815 844 3876 l
859 3815 888 3864 ll
906 3811 964 3864 imis
977 3810 1170 3876 fflomdselduc,
1187 3811 1289 3880 pusillis

217 3874 364 3944 minema
381 3882 409 3942 15
427 3879 504 3930 etiam
522 3894 589 3931 nunc
606 3878 739 3946 lateant
755 3882 785 3932 te
798 3893 876 3932 cnsuc
893 3884 948 3932 erat
960 3878 970 3948 l
983 3881 1013 3932 tt
1031 3879 1191 3932 marmoratis
1203 3877 1287 3945 dunel
1372 3919 1373 3930 ,

219 3942 381 3996 cellatiouem
393 3944 404 4012 ΙΙ
416 3947 449 3998 24
467 3946 564 4000 mavolt
581 3947 707 3998 denaus
