2780 4480
560 175 701 230 tutunus

552 349 709 412 LXXVIIII

202 451 316 534 Priape,
333 451 411 531 qnod
426 452 467 514 sis
481 453 595 514 fascino
610 453 706 530 gravis
721 461 814 527 tento,

202 540 282 617 qued
297 537 484 616 exprobravit
498 537 546 598 hic
561 535 614 599 tibi
629 556 683 599 suo
697 557 785 599 versu

203 629 288 703 poeta
304 630 417 696 noster,
433 621 609 684 erubescere
624 623 681 684 hee
697 623 772 684 noli:

204 727 264 769 non
280 726 312 769 es
326 716 414 788 poeta
428 707 603 769 laseinosion
619 716 731 770 nestro.

580 859 683 921 LXXX

202 963 239 1024 At
254 980 316 1023 non
332 960 421 1041 longa
436 960 514 1023 hene
529 969 583 1036 est,
599 970 628 1023 at
643 980 705 1023 non
721 960 799 1023 hene
813 962 946 1023 mentula
960 981 1058 1027 crassa

248 1058 278 1108 et
293 1065 381 1127 quam
396 1047 552 1122 sitientes,
567 1064 702 1109 erescere
717 1065 804 1126 posse
820 1045 928 1127 putas?

201 1152 248 1195 me
263 1133 413 1208 miserum,
428 1131 550 1212 cupidas
564 1131 637 1193 lallit
649 1149 790 1193 mensura
804 1131 931 1212 puellas:

248 1237 309 1278 non
325 1215 415 1279 habet
430 1217 502 1278 haec
518 1217 595 1279 aIInd
610 1217 741 1279 mentula
756 1217 849 1279 maius
865 1235 910 1279 eo.

205 1303 306 1364 utilior
319 1301 437 1384 Tydeus
453 1301 513 1382 qui,
529 1303 553 1364 si
569 1301 639 1381 quid
654 1303 751 1364 eredis
765 1301 905 1378 Homero,
1112 1315 1127 1364 ι

247 1387 368 1466 ingenie
388 1405 517 1467 pugnax,
532 1405 659 1468 eotpoie
672 1405 782 1467 parvus
796 1396 868 1449 enat.

203 1473 254 1536 sed
269 1473 367 1552 potuit
380 1473 489 1534 damno
505 1471 593 1534 nohis
608 1472 779 1551 novitasque
795 1473 951 1552 pudorque

247 1576 322 1632 esse,
337 1557 527 1638 repellendus
542 1557 659 1636 saepius
674 1556 728 1618 iste
743 1557 824 1618 mihi.

568 1707 685 1772 LXXXI

201 1811 277 1872 llum
292 1809 371 1886 vivis,
386 1827 507 1891 sperare
522 1811 621 1874 decet:
636 1821 679 1885 tu,
694 1811 805 1873 rustice
820 1819 929 1887 eustos,

247 1895 307 1957 hue
322 1895 391 1957 ades
406 1904 436 1957 et
450 1895 557 1971 nervis,
572 1906 653 1960 tente
669 1897 784 1977 Pilape,
799 1895 872 1958 lave.

531 2153 733 2164 ——n——a-—o-

565 2368 696 2430 LXXXII

542 2450 722 2537 [assuunt]

199 2555 308 2618 Vilicus
321 2555 416 2617 aerari
431 2555 590 2633 quondam,
606 2575 688 2617 nune
703 2556 800 2617 culter
814 2555 900 2636 agelli

247 2641 320 2702 haee
334 2640 388 2702 tibi
402 2640 578 2721 Perspectus
592 2641 711 2722 templa,
727 2641 842 2722 Priape,
857 2642 934 2703 dieo.

199 2745 254 2806 pro
270 2725 378 2806 quibus
393 2725 506 2801 officiis,
521 2726 545 2788 si
562 2728 605 2789 tas
620 2739 673 2802 est,
687 2737 798 2802 saneta,
814 2727 957 2808 paciscar,

246 2810 379 2873 assiduus
391 2820 492 2874 eustos
506 2813 584 2874 ιιιιίι
599 2821 633 2873 ut
646 2829 711 2874 esse
726 2813 805 2887 velis,

200 2895 354 2976 improbus
369 2904 402 2957 ut
416 2896 440 2958 si
457 2897 523 2977 quis
537 2907 674 2958 nestrum
688 2897 802 2958 violarit
818 2899 954 2978 agellum,
1110 2906 1124 2956 ι

246 2981 326 3042 hunc
340 2988 374 3042 tu
388 2982 497 3043 -sed
512 2989 609 3042 taceo:
626 2981 696 3056 sein
708 2989 791 3061 puto,
807 2983 887 3062 quod
901 2981 1045 3062 sequntur.

557 3131 702 3196 LXXXIII

541 3215 717 3302 [stavunt]

200 3317 277 3389 Quid
291 3319 350 3381 hec
365 3320 435 3381 nevi
449 3317 517 3382 estl
532 3321 603 3399 quid
618 3320 662 3382 ira
678 3319 795 3382 nuntiat
809 3317 919 3381 dsunt?

199 3403 304 3465 silente
320 3413 408 3467 noete
425 3405 567 3468 candidus
582 3406 653 3468 mihi
668 3424 744 3485 puer

200 3497 321 3568 tepente
336 3509 405 3552 eum
419 3491 529 3553 iaceret
543 3491 660 3554 abditus
674 3491 752 3566 sinu,
802 3521 805 3529 f

176 3656 335 3710 Lxxvuun
354 3658 420 3711 Itane
438 3659 518 3710 libri:
535 3627 585 3712 hnc
597 3660 777 3711 Baeti-ansius
791 3659 796 3726 1
811 3662 827 3712 4
845 3664 886 3710 est
901 3661 977 3726 pnela
995 3655 1169 3737 sarcinosiorll

94 3725 180 3778 LXXX
199 3729 211 3778 t
231 3725 298 3778 bene
315 3741 367 3779 non
384 3731 437 3779 stat
454 3727 533 3780 bene.
559 3726 595 3789 af.
615 3727 694 3778 Ouiae·
710 3742 761 3778 am.
780 3725 863 3791 1117,
883 3729 897 3778 1
919 3725 959 3792 14
982 3725 1079 3794 aliquid
1096 3741 1167 3777 unua

95 3794 159 3846 ιιιον
173 3793 177 3858 Ι
193 3809 237 3847 arn
248 3793 448 3859 Baaltmeiusl
464 3797 479 3848 8
497 3796 621 3848 mutilum
639 3793 874 3846 summutantur.
903 3742 1034 3845 inlibris
1038 3793 1169 3846 adlatret

95 3862 213 3930 1111111111
229 3861 340 3915 LXXXII
358 3866 479 3916 entim
467 3879 497 3914 m
514 3863 604 3931 lepida
621 3864 752 3915 Patavina
770 3864 930 3928 sumptum
949 3861 1013 3915 CIL.
1032 3861 1061 3915 V
1073 3861 1142 3915 2803
1161 3862 1166 3929 Ι

94 3934 107 3983 ι
124 3931 234 3984 violabit
251 3931 321 3998 lapis
335 3931 339 3999 Ι
355 3933 371 3986 6
389 3931 436 3986 ιιι
453 3935 525 3987 tento
543 3932 613 3999 lapis
