2780 4480
565 175 704 230 Sh‘l'lllhl]
1131 175 1168 238 81

42 355 72 408 1.
93 368 154 430 ego
170 348 321 411 vinculum
337 356 518 421 extremum,
541 357 571 410 et
583 349 674 410 veluti
688 349 765 411 lecto
780 351 901 412 funebri
915 359 1032 431 aptatus
1047 359 1171 431 expecto

92 442 226 497 mortem
241 434 298 494 iam
313 451 374 494 uon
391 434 554 496 molestam.
591 435 706 513 peragit
720 435 839 498 interim
854 445 1013 518 tempestas
1035 438 1172 499 mandata

93 522 227 582 latorum
243 536 407 597 omnesque
421 519 559 598 reliquias
574 519 655 581 navis
671 529 831 600 expugnat.
861 542 922 584 nou
939 521 1028 584 arbor
1046 530 1110 584 erat
1123 541 1172 584 re-

94 606 177 679 licta,
195 623 255 667 uon
271 603 482 684 gubernacula,
499 623 561 666 nou
576 603 657 666 lunis
672 613 722 667 aut
736 623 846 682 remus,
865 608 916 670 sed
931 607 1015 686 quasi
1030 607 1112 670 rudis
1126 615 1171 668 at·

51 702 70 751 a
95 709 158 771 que
170 690 280 752 inlecta
295 690 431 752 materies
446 689 506 751 ibat
521 707 589 751 oum
604 690 742 752 ductibus

629 796 646 834 lt

183 875 361 941 procurrere
377 860 540 940 piscatores
554 861 684 939 parvulis
699 862 828 941 expediti
843 862 965 942 navigiis
981 861 1017 923 ad
1031 861 1172 942 praedam

97 945 282 1026 rapiendam.
311 944 418 1006 deiude
432 954 467 1006 ut
480 945 594 1024 aliquos
609 945 761 1022 viderunt,
777 948 829 1026 qui
849 965 917 1010 suas
937 966 1010 1027 opes
1030 947 1172 1010 deiende·

97 1039 178 1107 reut,
193 1037 384 1092 mutaverunt
399 1030 603 1092 crudelitatem
618 1031 649 1092 in
664 1031 806 1094 auxilium

628 1136 645 1174 *

186 1200 321 1262 audimus
335 1217 469 1282 murmur
483 1199 633 1262 insolitum
650 1210 680 1262 et
694 1201 749 1264 sub
764 1201 858 1263 diaeta
875 1201 1006 1282 magistri
1022 1201 1104 1281 quasi
1121 1219 1173 1264 cu·
1194 1206 1254 1270 115

43 1295 73 1347 10
96 1285 209 1366 pientis
224 1285 304 1346 exire
318 1285 422 1346 beluae
437 1285 588 1364 gemitum.
617 1286 768 1366 persecuti
782 1287 872 1366 igitur
886 1306 994 1348 sonum
1005 1286 1173 1348 invenimus

97 1371 282 1452 Eumolpum
296 1370 447 1432 sedentem
462 1371 712 1452 membranaeque
726 1372 841 1450 ingenti
855 1391 958 1435 versus
977 1373 1173 1453 ingerentem.

97 1456 198 1518 mirati
220 1473 301 1533 ergo,
323 1455 403 1534 quod
425 1455 466 1516 illi
488 1465 605 1518 vacaret
625 1457 657 1518 in
679 1457 785 1518 ricinia
806 1458 910 1519 mortis
935 1475 1041 1537 poema
1067 1459 1173 1532 lacere,

98 1541 281 1602 extrahimus
302 1541 477 1602 clamantem
492 1540 688 1620 iubemusque
709 1542 818 1603 bonam
839 1542 950 1604 habere
971 1551 1110 1604 mentem.
1146 1550 1175 1603 at

98 1626 148 1688 ille
172 1625 376 1706 interpellatus
400 1626 558 1687 excanduit
583 1635 613 1688 et
636 1627 738 1689 ‘sinite
764 1627 826 1688 me’
855 1627 952 1707 iuquit
979 1627 1174 1689 ‘sententiam

47 1723 74 1772 15
97 1711 235 1792 explere3
265 1710 379 1772 laborat
402 1727 521 1772 carmen
548 1711 579 1773 iu
608 1712 687 1774 fiue’.
730 1711 822 1776 inicio
844 1731 898 1792 ego
921 1712 1089 1793 phrenitico
1112 1729 1174 1774 ma-

97 1815 172 1858 num
198 1796 347 1875 iubeoque
369 1795 475 1857 Gitona
501 1796 641 1860 accedere
667 1798 751 1859 etin
777 1806 884 1860 terram
911 1798 1028 1860 trabere
1053 1805 1172 1878 poetam

96 1882 283 1961 mugientem

621 1964 637 2000 ste

184 2051 243 2112 boo
266 2069 355 2131 opere
384 2051 502 2112 tandem
533 2052 682 2114 elaborato
704 2070 800 2114 casam
829 2053 1016 2132 piscatoriam
1042 2051 1176 2115 subimus

97 2145 275 2211 maerentes,
292 2135 424 2216 cibisque
435 2137 589 2216 naufragio
605 2138 753 2218 corruptis
768 2146 920 2217 utcunque
936 2138 1031 2201 curati
1045 2138 1177 2200 tristissi·
1213 2157 1214 2162 ¹

48 2231 75 2281 tt
96 2241 175 2284 mam
191 2221 343 2301 exegimus
358 2230 486 2283 noctem.
516 2231 635 2301 postero
650 2223 712 2297 die,
729 2241 796 2284 oum
811 2241 991 2302 poneremus
1011 2223 1177 2298 consilium,

99 2307 148 2369 cui
170 2326 227 2369 nos
254 2307 370 2385 regioni
391 2307 595 2383 crederemus,
621 2318 747 2387 repente
768 2308 853 2369 video
880 2326 988 2388 corpus
1014 2307 1176 2370 humanum

100 2393 317 2454 circumactum
340 2392 395 2453 levi
418 2392 526 2453 vertice
548 2392 584 2453 ad
600 2389 676 2454 ¹litus
697 2391 815 2454 deferri.
851 2392 970 2454 substiti
993 2410 1064 2471 ergo
1084 2391 1176 2455 tristis

100 2476 248 2558 coepique
264 2477 435 2540 umentibus
454 2476 547 2539 oeulis
568 2478 656 2540 maris
677 2478 763 2539 iidem
784 2477 931 2558 inspicere
952 2485 981 2539 et
1003 2478 1092 2540 ‘huuc
1114 2479 1176 2539 lor·

100 2562 187 2625 sitan'
203 2563 356 2642 proclamo
373 2563 411 2624 ‘in
430 2563 526 2642 aliqua
542 2572 625 2644 parto
643 2572 790 2625 terrarum
811 2581 916 2625 secura
935 2570 1071 2644 expectat
1091 2580 1176 2637 uxor,

54 2658 79 2708 25
100 2648 226 2710 forsitan
242 2649 364 2727 ignarus
380 2648 562 2728 tempestatis
577 2649 655 2712 illius
670 2658 721 2711 aut
735 2657 836 2729 pater;
858 2649 961 2729 utique
984 2647 1105 2728 reliquit
1124 2648 1177 2710 ali-

102 2751 203 2813 quem,
219 2733 268 2794 cui
284 2733 477 2813 proficiscens
493 2734 625 2796 osculum
642 2733 731 2796 dedit.
760 2735 833 2796 haee
848 2741 919 2796 sunt
930 2733 1052 2796 consilia
1067 2741 1179 2796 morta-

100 2819 184 2904 lium,
200 2819 274 2879 haec
289 2826 355 2880 vota
369 2837 541 2900 magnarum
558 2819 779 2900 cogitationum.
815 2838 853 2881 eu
874 2821 965 2882 homo
987 2819 1177 2898 quemadmo-

102 2903 173 2965 dum
189 2903 290 2964 uatat’.
326 2903 422 2966 adbuc
436 2912 577 2983 tanquam
592 2905 725 2984 ignotum
741 2905 895 2979 deflebam,
917 2922 985 2966 cum
1006 2904 1178 2965 inviolatum

104 3008 137 3050 os
151 2989 262 3051 tluotus
277 2989 422 3050 convertit
436 2989 466 3050 iu
483 2998 607 3064 terram,
629 2990 794 3070 agnovique
814 2990 978 3051 terribilem
1000 2989 1087 3069 paulo
1109 2999 1177 3050 aute

57 3081 83 3134 tt
104 3082 131 3135 et
153 3073 370 3154 implacabilem
393 3074 511 3135 Licham
534 3073 660 3155 pedibus
681 3076 753 3138 mels
777 3093 872 3155 paene
902 3074 1077 3136 subiectum.
1115 3092 1177 3135 non

104 3160 186 3220 tenui
208 3159 299 3240 igitur
319 3159 429 3222 diutius
449 3161 597 3236 lacrimas,
621 3161 711 3222 immo
733 3159 865 3239 percussi
892 3159 983 3220 semel
1010 3158 1178 3238 iterumque

105 3244 245 3307 manibus
260 3253 366 3325 pectus
382 3252 412 3306 et
427 3244 488 3307 ‘ubi
504 3264 585 3308 nuuc
601 3246 654 3308 est’
669 3247 791 3325 inquam
807 3243 968 3307 ‘iracundia
981 3252 1042 3318 tua,
1056 3242 1109 3305 ubi
1123 3242 1178 3306 im·

104 3329 239 3409 potentia
262 3326 334 3391 tua?
357 3348 464 3410 nempe
486 3331 617 3411 piscibus
643 3330 798 3410 beluisque
824 3329 974 3410 expositus
994 3348 1040 3405 es,
1069 3337 1099 3391 et
1127 3329 1179 3409 qui

105 3415 194 3494 paulo
211 3422 281 3477 ante
295 3414 423 3476 iactabas
437 3416 514 3478 vires
528 3416 645 3497 imperii
656 3417 709 3491 tui,
724 3416 761 3479 de
775 3424 833 3478 tam
854 3433 961 3495 magna
983 3433 1055 3476 nave
1076 3433 1115 3476 ue
1134 3422 1179 3476 ta-

61 3505 85 3556 ta
106 3499 205 3562 bulam
221 3499 340 3580 quidem
357 3501 519 3580 naufragus
533 3502 633 3564 habes.
669 3502 709 3563 ite
731 3520 813 3563 nunc
836 3501 991 3576 mortales,
1014 3508 1045 3562 et
1065 3499 1179 3578 magnis

108 3585 336 3666 cogitationibus
351 3594 472 3666 pectora
487 3586 616 3666 implete.
645 3587 685 3648 ite
701 3587 789 3662 cauti,
806 3595 835 3648 et
850 3595 922 3667 opes
941 3584 1094 3648 fraudibus
1110 3601 1180 3664 oap-

107 3678 150 3733 tas
164 3689 220 3751 per
239 3669 320 3732 mille
341 3689 436 3734 annos
458 3671 617 3751 disponite.
648 3691 755 3754 nempe
777 3673 824 3733 hic
845 3673 980 3752 proxima
1001 3670 1067 3732 luce
1089 3669 1180 3750 patri·

194 3877 209 3928 8
228 3873 396 3942 cupiditatem
414 3875 550 3927 Iacobsa‘us
563 3871 572 3941 ΙΙ
587 3875 617 3926 16
635 3876 736 3941 portam
752 3873 795 3924 ool
811 3886 914 3941 porcam
925 3867 935 3941 ΙΙ
950 3873 981 3925 20
999 3869 1117 3934 sortasse
1134 3871 1183 3924 ini·

111 3956 193 3994 remus
207 3941 216 4009 ΙΙ
228 3944 260 3996 23
279 3942 427 3996 viventibus
439 3941 449 4012 ΙΙ
464 3945 496 3996 25
515 3947 612 4010 patrem
631 3957 683 4009 quo
700 3946 807 3994 seruato
824 3945 869 3995 aut
886 3941 955 3994 dalet
972 3940 1136 4008 Segobodius

163 4035 263 4078 Petronii
276 4035 357 4080 satirae
373 4036 406 4080 ed.
420 4035 454 4078 111
963 4030 978 4081 6
