2772 4476
557 189 700 244 struthea
1068 193 1076 212 ’
1120 185 1159 244 25

24 371 69 423 111.
88 366 302 441 adsummam,
324 383 408 437 mero
422 365 544 428 meridie
566 365 591 428 si
612 365 718 428 dixerit
736 367 779 428 illi
796 366 1030 441 tenebrascere,
1050 367 1162 429 credet.

47 462 72 512 rr
90 457 94 527 1
111 453 178 532 ipse
193 451 288 512 nescit
310 451 381 530 quid
401 450 522 524 habeat,
545 453 618 514 adeo
640 451 774 531 saplutus
789 461 849 528 est;
872 454 923 514 sed
942 453 1015 514 haec
1036 453 1162 533 lupatria

88 537 227 616 providet
247 537 347 598 omnia
367 545 398 598 et
418 535 469 598 ubi
489 545 665 618 nonputos.
701 545 746 598 est
761 537 853 611 sicca,
876 537 990 612 sobria,
1012 537 1161 600 bonorum
1217 545 1220 552 '

88 621 285 684 consiliorum
298 618 426 705 [tantum
441 623 505 683 auri
520 618 627 704 rides],
651 630 696 683 est
715 630 814 683 tamen
836 625 928 684 malae
942 624 1075 702 linguae,
1096 624 1162 702 pica

56 707 262 787 epnlrinaris.
298 723 387 785 quern
402 716 487 782 amat,
503 716 595 782 amat;
613 725 702 786 quem
718 726 780 768 non
796 717 882 784 amat,
898 727 960 770 non
977 717 1062 770 amat.
1098 709 1162 788 ipse

90 791 269 854 Trimalchio
289 792 398 853 fundos
418 793 520 868 hebet,
538 810 601 871 *qua
622 792 702 854 milvi
723 794 836 869 volant,
861 811 1050 855 nummorum
1075 811 1161 855 num-

88 897 165 940 mos.
194 885 353 956 argentum
366 877 398 938 in
415 878 525 940 ostiarii
540 877 618 946 illius
633 877 705 938 cella
719 878 786 958 plus
801 879 884 954 iacet,
904 897 992 957 quom
1006 879 1162 958 quisquam

90 964 123 1023 in
134 961 372 1024 fortunishabet.
401 963 509 1023 familia
523 981 593 1024 sero
607 961 700 1023 babae
715 963 817 1037 babae,
832 983 894 1026 non
910 964 1095 1030 mehercules
1106 983 1163 1043 pn·

89 1057 122 1108 to
136 1048 289 1108 mamam
303 1057 418 1126 partem
433 1067 499 1110 esse
513 1067 589 1127 quae
603 1049 757 1109 dominum
772 1067 861 1110 snum
876 1049 1000 1110 noverit
1029 1049 1065 1109 ad
1082 1067 1162 1110 sunr-

44 1152 72 1202 10
90 1151 185 1206 marn,
208 1133 391 1211 quemvis'ex
404 1133 468 1196 istis
482 1132 647 1194 babaecalis
667 1133 698 1194 in
713 1142 797 1195 rutae
812 1135 916 1196 lolium
932 1134 1068 1196 coniciet.
1105 1152 1162 1195 nec
1181 1133 1223 1197 38

91 1227 136 1280 est
151 1219 230 1296 quod
245 1225 332 1298 putes
346 1217 429 1278 illum
444 1219 606 1297 quicquam,
618 1235 725 1279 emere.
761 1220 860 1280 omnia
880 1219 960 1280 domi
982 1228 1161 1282 nascuntur:

43 1363 52 1382 ,
90 1303 173 1377 lana,
197 1303 317 1377 cedrae,
339 1303 439 1382 piper,
461 1304 536 1365 laete
557 1303 751 1383 gallinaceam
773 1305 798 1366 si
820 1305 994 1384 quaesieris,
1019 1305 1161 1366 invenies.

90 1389 125 1450 ad
139 1405 301 1463 semmam,
316 1405 422 1467 parum
436 1389 477 1450 illi
492 1389 571 1450 bona
586 1389 652 1450 lana
668 1391 859 1467 nascebatur3
881 1390 988 1454 arietes
1002 1409 1019 1450 a
1032 1389 1162 1460 Tarento

90 1475 162 1535 emit
177 1480 207 1534 et
219 1473 397 1535 testiculavit
410 1473 442 1534 in
458 1489 587 1554 gregem.
623 1475 682 1536 mel
696 1475 824 1536 Atticum
839 1484 873 1536 ut
887 1474 966 1536 domi
980 1485 1162 1547 nasceretur,

43 1573 73 1626 re
91 1577 161 1639 apes
181 1557 218 1618 ab
239 1558 363 1620 Athenis
384 1558 469 1620 iussit
483 1561 594 1636 afferri3
620 1559 717 1620 obiter
737 1568 766 1620 et
787 1561 962 1621 vernaculae
988 1577 1063 1638 quae
1082 1569 1162 1634 sunt,

90 1643 281 1720 meliusculae
301 1643 485 1706 aGraecuhs
505 1645 588 1705 fient.
627 1663 697 1706 ecce
719 1645 798 1705 intra
818 1645 874 1706 hoa
894 1645 956 1706 dies
977 1645 1108 1724 scripsit,
1130 1654 1164 1705 ut

91 1730 133 1791 illi
154 1747 190 1790 ex
204 1728 289 1790 India
310 1745 411 1790 semen
432 1728 602 1790 boletorum
617 1730 792 1790 mitteretm.
826 1747 894 1790 nam
914 1729 1023 1790 mulam
1044 1730 1163 1808 quidem

91 1815 203 1876 nullam
218 1813 322 1889 habet,
344 1832 420 1892 quae
441 1835 503 1877 non
526 1833 561 1876 ex
577 1831 689 1894 onagro
703 1823 772 1877 nata
786 1816 833 1876 sit.
872 1814 952 1876 vides
967 1823 1011 1874 tot
1026 1810 1162 1876 culcitas:

92 1901 174 1963 nulla
194 1917 257 1961 non
284 1908 334 1960 aut
359 1901 577 1982 conchyliatum
602 1909 653 1962 ant
677 1899 852 1962 coccineum
876 1899 1163 1960 tomentnmhabet.

46 1999 74 2050 tt
92 1994 174 2048 unta
189 1993 234 2046 est
248 1984 339 2046 animi
352 1985 512 2048 beatitudo.
552 1985 684 2064 reliquos
703 1994 802 2046 autem
823 1984 993 2046 collibertos
1010 1984 1074 2046 eins
1095 2000 1165 2046 cavo

93 2079 277 2132 contemnas.
304 2069 398 2130 ualde
416 2073 530 2134 sucossi
550 2083 629 2134 sunt.
668 2071 750 2132 vides
769 2070 924 2149 illumqui
945 2071 975 2130 in
1000 2069 1058 2131 imo
1084 2071 1163 2132 imus

93 2155 254 2232 recumbit:
270 2155 357 2216 hodie
373 2173 425 2218 aua
440 2157 610 2236 octingenta
624 2156 763 2236 possidet.
789 2155 826 2216 de
837 2156 934 2216 nihilo
949 2155 1049 2216 crevit.
1074 2156 1163 2216 modo

92 2241 205 2303 solebat
230 2239 307 2302 collo
328 2259 382 2301 suo
404 2241 483 2319 ligna
504 2249 632 2320 portare.
676 2241 727 2302 sed
750 2240 900 2319 quomodo
920 2239 1025 2300 dicunt
1046 2271 1083 2286 -
1108 2258 1162 2318 ego

8 2371 9 2378 ,
92 2325 166 2388 nihil
180 2326 260 2402 scio,
281 2325 333 2386 sed
349 2325 445 2386 audiri
458 2359 500 2370 -
514 2344 607 2404 quom
621 2326 768 2386 Incuboni
790 2325 910 2404 pilleum
925 2325 1085 2406 rapuisset,
1110 2321 1165 2408 [et]

45 2423 74 2474 ta
91 2410 403 2474 thesauruminvenit.
439 2428 495 2488 ego
510 2411 623 2471 nemini
638 2409 770 2483 invideo,
785 2409 810 2471 si
825 2409 896 2488 quid
912 2409 984 2470 deus
999 2410 1087 2470 dedit.
1120 2418 1165 2472 est

92 2505 192 2558 manen
214 2495 270 2556 sub
292 2495 375 2574 alapa
394 2504 426 2556 et
446 2515 507 2557 non
528 2496 590 2557 vult
610 2495 667 2556 sibi
681 2495 766 2555 male.
802 2495 902 2572 itaque
916 2495 1051 2574 proxime
1068 2512 1166 2556 casam

92 2583 150 2643 boc
163 2581 250 2643 titulo
265 2580 455 2660 proscripsit:
477 2581 527 2642 “G.
543 2580 702 2660 Pompeius
717 2579 864 2659 Diogenes
885 2599 921 2640 ex
935 2580 1069 2642 kalendis
1083 2580 1166 2641 luliis

93 2665 268 2728 cenaculum
277 2665 376 2742 locat3
396 2666 460 2746 ipse
476 2666 553 2727 enim
570 2667 691 2728 domum
706 2665 805 2726 emit’'.
847 2665 919 2743 quid
934 2665 982 2726 ille
1004 2665 1054 2744 qni
1072 2663 1164 2726 liber·-

92 2752 148 2812 tini
162 2753 229 2813 loco
243 2751 334 2826 iacet,
357 2768 444 2830 quarn
466 2751 544 2812 bene
565 2750 723 2813 sehabnit.
758 2770 820 2812 non
836 2750 1006 2830 impropero
1021 2749 1072 2810 illi.
1103 2769 1165 2812 ses-

45 2846 74 2896 ac
91 2837 215 2899 tertium
230 2849 318 2898 suum
330 2836 403 2897 vidit
416 2837 528 2910 decies,
552 2836 602 2897 sed
624 2835 700 2897 male
720 2835 871 2899 vacillavit.
910 2854 971 2896 non
987 2833 1061 2914 puto
1083 2835 1165 2898 illum

93 2921 216 3001 capillos
237 2921 351 2982 liberos>
367 2921 493 2995 habere,
515 2939 579 2982 nec
593 2921 780 2982 mehercules
798 2939 851 2982 sua
874 2921 975 3001 cnlpa;
996 2921 1061 2998 ipso
1085 2921 1165 2982 enim

91 3009 189 3069 homo
198 3005 303 3068 melior
317 3019 379 3068 non
395 3013 455 3083 est3
471 3006 522 3068 sed
537 3005 638 3068 liberti
652 3006 796 3081 scelerati,
812 3006 863 3084 qui
879 3005 978 3067 omnia
992 3004 1071 3066 adse
1085 3005 1164 3066 iece-

92 3099 174 3154 runt.
210 3091 284 3154 scito
300 3099 414 3154 autem:
435 3091 585 3154 sociorum
601 3091 657 3152 olla
671 3091 747 3152 male
760 3092 867 3165 fervet,
890 3099 919 3150 et
936 3088 989 3150 nbi
1012 3089 1103 3151 semel
1117 3107 1166 3150 res

92 3177 235 3239 inclinata
252 3185 310 3251 est,
327 3177 412 3239 amici
427 3177 463 3238 de
478 3177 584 3238 medio.
615 3184 645 3237 et
660 3194 748 3255 quam
762 3177 918 3236 honestam
933 3174 1165 3254 negotiationem

46 3271 75 3321 ao
92 3263 242 3334 exercuit,
263 3263 343 3340 quod
358 3263 442 3324 illum
457 3262 499 3324 sie
516 3262 602 3324 rides.
638 3261 817 3323 libitinarius
830 3259 895 3320 luit.
932 3259 1045 3321 solebat
1059 3259 1101 3334 sip
1116 3278 1164 3321 ce·
1201 3284 1204 3293 ·

92 3365 183 3420 nare,
199 3349 348 3423 quomodo
362 3366 430 3408 rex:
452 3365 540 3426 apros
555 3355 748 3428 gausapatos,
767 3344 1008 3424 operapistoria,
1023 3345 1098 3418 avis,
1115 3363 1165 3406 oo·

92 3452 163 3506 cos,
184 3429 323 3510 pistores,
356 3431 423 3510 plus
436 3432 498 3493 vini
517 3433 690 3494 submersa
707 3429 928 3504 effrsndebatur,
950 3448 1039 3510 quarn
1061 3429 1166 3509 aliquis

92 3521 124 3580 in
141 3515 216 3578 cella
231 3512 329 3575 habet
365 3516 531 3594 phantasia,
553 3537 615 3580 non
635 3517 735 3584 homo.
775 3515 927 3577 inclinatis
942 3532 1061 3595 quoque
1076 3513 1167 3576 rebus

92 3605 173 3675 suia,
195 3617 266 3662 eum
283 3599 402 3662 timeret
422 3617 459 3662 ne
482 3603 644 3664 creditores
657 3602 739 3664 illum
761 3600 941 3662 conturbare
955 3600 1166 3672 existimarent,

181 3754 197 3804 2
215 3751 345 3819 eupatoria
361 3749 520 3816 decoriari}
539 3753 553 3803 3
574 3754 600 3802 et
617 3753 657 3802 est
674 3750 793 3802 heddius
806 3751 815 3816 11
833 3753 865 3802 12
884 3749 1008 3817 credraell
1028 3751 1058 3801 11
1077 3753 1103 3800 et
1120 3763 1165 3801 eos

94 3820 193 3873 culavit
209 3818 219 3887 ΙΙ
240 3823 269 3872 td
289 3834 354 3888 qnae
372 3823 433 3872 sunt
449 3817 576 3869 reuelato
594 3823 643 3868 aut
659 3835 693 3868 aar
711 3822 819 3885 quaestu
838 3822 966 3883 correpta
984 3817 994 3885 ΙΙ
1013 3819 1045 3870 rt
1065 3817 1166 3870 solebat

95 3888 163 3942 eollo
181 3886 282 3954 model
299 3891 332 3941 rt
350 3889 438 3956 qnorn]
455 3885 586 3954 ¹quornodo
598 3885 610 3954 ΙΙ
627 3888 660 3940 to
678 3886 699 3936 si
719 3899 771 3952 qno
784 3884 793 3952 11
812 3889 844 3938 26
862 3887 957 3948 casam]
979 3901 1035 3938 cum
1050 3884 1059 3956 11
1075 3887 1108 3939 36
1125 3886 1166 3936 vis

96 3971 187 4011 cocos:
207 3969 243 4008 an
261 3955 318 4008 bist
329 3958 340 4024 1
352 3961 383 4010 37
402 3956 544 4024 piscatores
562 3954 686 4006 Heium
