<?xml version="1.0" encoding="UTF-8"?>
<!DOCTYPE html PUBLIC "-//W3C//DTD XHTML 1.0 Transitional//EN"
    "http://www.w3.org/TR/xhtml1/DTD/xhtml1-transitional.dtd">
<html xmlns="http://www.w3.org/1999/xhtml" xml:lang="en" lang="en">
 <head>
  <title>
</title>
<meta http-equiv="Content-Type" content="text/html;charset=utf-8" />
  <meta name='ocr-system' content='tesseract 3.04.00' />
  <meta name='ocr-capabilities' content='ocr_page ocr_carea ocr_par ocr_line ocrx_word'/>
</head>
<body>
  <div class='ocr_page' id='page_1' title='image "./satiraeetliberp00arbigoog_0082.png"; bbox 0 0 2780 4480; ppageno 0'>
   <div class='ocr_carea' id='block_1_1' title="bbox 558 173 1167 263">
    <p class='ocr_par' dir='ltr' id='par_1_1' title="bbox 558 173 1167 263">
     <span class='ocr_line' id='line_1_1' title="bbox 558 173 1167 263; baseline 0.013 -8"><span class='ocrx_word' id='word_1_1' title='bbox 558 173 698 256; x_wconf 81' lang='lat' dir='ltr'><strong>sarman</strong></span> <span class='ocrx_word' id='word_1_2' title='bbox 1127 203 1167 263; x_wconf 81' lang='lat' dir='ltr'><strong>aa</strong></span> 
     </span>
    </p>
   </div>
   <div class='ocr_carea' id='block_1_2' title="bbox 15 375 1296 3606">
    <p class='ocr_par' dir='ltr' id='par_1_2' title="bbox 36 375 1178 704">
     <span class='ocr_line' id='line_1_2' title="bbox 36 375 1169 458; baseline 0.006 -23"><span class='ocrx_word' id='word_1_3' title='bbox 36 383 61 435; x_wconf 85' lang='lat' dir='ltr'><em>L</em></span> <span class='ocrx_word' id='word_1_4' title='bbox 81 375 262 456; x_wconf 89' lang='lat' dir='ltr'><strong>guantibus.</strong></span> <span class='ocrx_word' id='word_1_5' title='bbox 302 375 386 436; x_wconf 92' lang='lat' dir='ltr'><strong>multi</strong></span> <span class='ocrx_word' id='word_1_6' title='bbox 412 393 484 454; x_wconf 88' lang='lat' dir='ltr'><strong>ergo</strong></span> <span class='ocrx_word' id='word_1_7' title='bbox 511 375 651 456; x_wconf 88' lang='lat' dir='ltr'><strong>utrinque</strong></span> <span class='ocrx_word' id='word_1_8' title='bbox 675 377 740 438; x_wconf 89' lang='lat' dir='ltr'><strong>sine</strong></span> <span class='ocrx_word' id='word_1_9' title='bbox 765 387 862 439; x_wconf 89' lang='lat' dir='ltr'><strong>morte</strong></span> <span class='ocrx_word' id='word_1_10' title='bbox 887 378 1042 454; x_wconf 90' lang='lat' dir='ltr'><strong>labuntur,</strong></span> <span class='ocrx_word' id='word_1_11' title='bbox 1067 380 1169 458; x_wconf 92' lang='lat' dir='ltr'><strong>plures</strong></span> 
     </span>
     <span class='ocr_line' id='line_1_3' title="bbox 81 460 1167 544; baseline 0.006 -21"><span class='ocrx_word' id='word_1_12' title='bbox 81 460 208 524; x_wconf 80' lang='lat' dir='ltr'><strong>cruenti</strong></span> <span class='ocrx_word' id='word_1_13' title='bbox 223 460 395 522; x_wconf 88' lang='lat' dir='ltr'><strong>vulneribus</strong></span> <span class='ocrx_word' id='word_1_14' title='bbox 410 462 546 522; x_wconf 90' lang='lat' dir='ltr'><strong>relerunt</strong></span> <span class='ocrx_word' id='word_1_15' title='bbox 559 461 649 522; x_wconf 89' lang='lat' dir='ltr'><strong>veluti</strong></span> <span class='ocrx_word' id='word_1_16' title='bbox 670 481 705 523; x_wconf 84' lang='lat' dir='ltr'><strong>ex</strong></span> <span class='ocrx_word' id='word_1_17' title='bbox 721 463 835 542; x_wconf 89' lang='lat' dir='ltr'><strong>proelio</strong></span> <span class='ocrx_word' id='word_1_18' title='bbox 850 465 973 544; x_wconf 91' lang='lat' dir='ltr'><strong>pedem,</strong></span> <span class='ocrx_word' id='word_1_19' title='bbox 995 483 1052 525; x_wconf 93' lang='lat' dir='ltr'><strong>nec</strong></span> <span class='ocrx_word' id='word_1_20' title='bbox 1068 473 1167 529; x_wconf 89' lang='lat' dir='ltr'><strong>tamen</strong></span> 
     </span>
     <span class='ocr_line' id='line_1_4' title="bbox 81 545 1168 626; baseline 0.002 -16"><span class='ocrx_word' id='word_1_21' title='bbox 81 547 265 626; x_wconf 90' lang='lat' dir='ltr'><strong>cuiusquam</strong></span> <span class='ocrx_word' id='word_1_22' title='bbox 280 545 324 607; x_wconf 87' lang='lat' dir='ltr'><strong>ira</strong></span> <span class='ocrx_word' id='word_1_23' title='bbox 338 545 461 608; x_wconf 82' lang='lat' dir='ltr'><strong>lavatur.</strong></span> <span class='ocrx_word' id='word_1_24' title='bbox 497 553 570 608; x_wconf 90' lang='lat' dir='ltr'><strong>tunc</strong></span> <span class='ocrx_word' id='word_1_25' title='bbox 584 547 763 609; x_wconf 82' lang='lat' dir='ltr'><strong>fortissimus</strong></span> <span class='ocrx_word' id='word_1_26' title='bbox 777 548 865 610; x_wconf 81' lang='lat' dir='ltr'><strong>Giton</strong></span> <span class='ocrx_word' id='word_1_27' title='bbox 888 550 923 611; x_wconf 91' lang='lat' dir='ltr'><strong>ad</strong></span> <span class='ocrx_word' id='word_1_28' title='bbox 937 548 1028 610; x_wconf 89' lang='lat' dir='ltr'><strong>virilia</strong></span> <span class='ocrx_word' id='word_1_29' title='bbox 1049 569 1101 612; x_wconf 91' lang='lat' dir='ltr'><strong>sua</strong></span> <span class='ocrx_word' id='word_1_30' title='bbox 1117 551 1168 612; x_wconf 90' lang='lat' dir='ltr'><strong>ad·</strong></span> 
     </span>
     <span class='ocr_line' id='line_1_5' title="bbox 81 629 1178 704; baseline 0.004 -11"><span class='ocrx_word' id='word_1_31' title='bbox 81 631 181 694; x_wconf 88' lang='lat' dir='ltr'><strong>movit</strong></span> <span class='ocrx_word' id='word_1_32' title='bbox 196 631 368 693; x_wconf 85' lang='lat' dir='ltr'><strong>novaculam</strong></span> <span class='ocrx_word' id='word_1_33' title='bbox 380 631 527 704; x_wconf 83' lang='lat' dir='ltr'><strong>infestam,</strong></span> <span class='ocrx_word' id='word_1_34' title='bbox 543 632 671 694; x_wconf 87' lang='lat' dir='ltr'><strong>minatus</strong></span> <span class='ocrx_word' id='word_1_35' title='bbox 681 653 714 694; x_wconf 93' lang='lat' dir='ltr'><strong>se</strong></span> <span class='ocrx_word' id='word_1_36' title='bbox 725 633 910 695; x_wconf 87' lang='lat' dir='ltr'><strong>abscisurum</strong></span> <span class='ocrx_word' id='word_1_37' title='bbox 924 642 969 696; x_wconf 90' lang='lat' dir='ltr'><strong>tot</strong></span> <span class='ocrx_word' id='word_1_38' title='bbox 983 629 1178 698; x_wconf 52' lang='lat' dir='ltr'><strong>miseriarum*</strong></span> 
     </span>
    </p>

    <p class='ocr_par' dir='ltr' id='par_1_3' title="bbox 41 716 1167 1140">
     <span class='ocr_line' id='line_1_6' title="bbox 41 716 1167 797; baseline 0.004 -19"><span class='ocrx_word' id='word_1_39' title='bbox 41 730 56 778; x_wconf 83' lang='lat'><strong>5</strong></span> <span class='ocrx_word' id='word_1_40' title='bbox 81 735 218 792; x_wconf 86' lang='lat' dir='ltr'><strong>causam,</strong></span> <span class='ocrx_word' id='word_1_41' title='bbox 235 716 423 795; x_wconf 76' lang='lat' dir='ltr'><strong>inhibuitque</strong></span> <span class='ocrx_word' id='word_1_42' title='bbox 439 716 613 797; x_wconf 74' lang='lat' dir='ltr'><strong>Tryphaena</strong></span> <span class='ocrx_word' id='word_1_43' title='bbox 628 728 686 779; x_wconf 92' lang='lat' dir='ltr'><strong>tam</strong></span> <span class='ocrx_word' id='word_1_44' title='bbox 702 719 814 796; x_wconf 89' lang='lat' dir='ltr'><strong>grande</strong></span> <span class='ocrx_word' id='word_1_45' title='bbox 826 719 941 781; x_wconf 87' lang='lat' dir='ltr'><strong>lacinus</strong></span> <span class='ocrx_word' id='word_1_46' title='bbox 953 739 1013 781; x_wconf 94' lang='lat' dir='ltr'><strong>non</strong></span> <span class='ocrx_word' id='word_1_47' title='bbox 1030 720 1167 782; x_wconf 87' lang='lat' dir='ltr'><strong>dissimu-</strong></span> 
     </span>
     <span class='ocr_line' id='line_1_7' title="bbox 82 802 1167 886; baseline 0.003 -22"><span class='ocrx_word' id='word_1_48' title='bbox 82 804 146 864; x_wconf 89' lang='lat' dir='ltr'><strong>lata</strong></span> <span class='ocrx_word' id='word_1_49' title='bbox 173 802 324 864; x_wconf 85' lang='lat' dir='ltr'><strong>missione.</strong></span> <span class='ocrx_word' id='word_1_50' title='bbox 361 802 478 881; x_wconf 91' lang='lat' dir='ltr'><strong>saepius</strong></span> <span class='ocrx_word' id='word_1_51' title='bbox 499 820 554 882; x_wconf 90' lang='lat' dir='ltr'><strong>ego</strong></span> <span class='ocrx_word' id='word_1_52' title='bbox 577 804 705 864; x_wconf 90' lang='lat' dir='ltr'><strong>cultrum</strong></span> <span class='ocrx_word' id='word_1_53' title='bbox 730 804 896 865; x_wconf 76' lang='lat' dir='ltr'><strong>tonsorium</strong></span> <span class='ocrx_word' id='word_1_54' title='bbox 922 823 1014 886; x_wconf 91' lang='lat' dir='ltr'><strong>super</strong></span> <span class='ocrx_word' id='word_1_55' title='bbox 1033 806 1167 885; x_wconf 90' lang='lat' dir='ltr'><strong>iugulum</strong></span> 
     </span>
     <span class='ocr_line' id='line_1_8' title="bbox 81 886 1167 970; baseline 0.004 -22"><span class='ocrx_word' id='word_1_56' title='bbox 81 905 189 950; x_wconf 90' lang='lat' dir='ltr'><strong>meum</strong></span> <span class='ocrx_word' id='word_1_57' title='bbox 205 886 308 967; x_wconf 89' lang='lat' dir='ltr'><strong>posui,</strong></span> <span class='ocrx_word' id='word_1_58' title='bbox 325 906 386 950; x_wconf 90' lang='lat' dir='ltr'><strong>non</strong></span> <span class='ocrx_word' id='word_1_59' title='bbox 402 888 495 967; x_wconf 88' lang='lat' dir='ltr'><strong>magis</strong></span> <span class='ocrx_word' id='word_1_60' title='bbox 509 906 557 948; x_wconf 91' lang='lat' dir='ltr'><strong>me</strong></span> <span class='ocrx_word' id='word_1_61' title='bbox 574 888 735 963; x_wconf 86' lang='lat' dir='ltr'><strong>occisurus,</strong></span> <span class='ocrx_word' id='word_1_62' title='bbox 752 906 839 967; x_wconf 93' lang='lat' dir='ltr'><strong>quam</strong></span> <span class='ocrx_word' id='word_1_63' title='bbox 854 890 961 964; x_wconf 86' lang='lat' dir='ltr'><strong>Giton,</strong></span> <span class='ocrx_word' id='word_1_64' title='bbox 978 893 1055 970; x_wconf 90' lang='lat' dir='ltr'><strong>quod</strong></span> <span class='ocrx_word' id='word_1_65' title='bbox 1071 891 1167 952; x_wconf 90' lang='lat' dir='ltr'><strong>mina·</strong></span> 
     </span>
     <span class='ocr_line' id='line_1_9' title="bbox 83 972 1167 1055; baseline 0.005 -22"><span class='ocrx_word' id='word_1_66' title='bbox 83 973 195 1047; x_wconf 90' lang='lat' dir='ltr'><strong>batur,</strong></span> <span class='ocrx_word' id='word_1_67' title='bbox 216 973 358 1034; x_wconf 83' lang='lat' dir='ltr'><strong>tacturus.</strong></span> <span class='ocrx_word' id='word_1_68' title='bbox 396 972 536 1034; x_wconf 92' lang='lat' dir='ltr'><strong>audacius</strong></span> <span class='ocrx_word' id='word_1_69' title='bbox 550 981 649 1035; x_wconf 74' lang='lat' dir='ltr'><strong>umen</strong></span> <span class='ocrx_word' id='word_1_70' title='bbox 664 973 713 1035; x_wconf 90' lang='lat' dir='ltr'><strong>ille</strong></span> <span class='ocrx_word' id='word_1_71' title='bbox 727 975 906 1054; x_wconf 88' lang='lat' dir='ltr'><strong>tragoediam</strong></span> <span class='ocrx_word' id='word_1_72' title='bbox 921 974 1077 1055; x_wconf 86' lang='lat' dir='ltr'><strong>implebat,</strong></span> <span class='ocrx_word' id='word_1_73' title='bbox 1098 976 1167 1055; x_wconf 91' lang='lat' dir='ltr'><strong>quia</strong></span> 
     </span>
     <span class='ocr_line' id='line_1_10' title="bbox 84 1056 1167 1140; baseline 0.002 -20"><span class='ocrx_word' id='word_1_74' title='bbox 84 1057 202 1120; x_wconf 84' lang='lat' dir='ltr'><strong>sciebat</strong></span> <span class='ocrx_word' id='word_1_75' title='bbox 216 1076 247 1118; x_wconf 91' lang='lat' dir='ltr'><strong>se</strong></span> <span class='ocrx_word' id='word_1_76' title='bbox 262 1056 341 1118; x_wconf 90' lang='lat' dir='ltr'><strong>illam</strong></span> <span class='ocrx_word' id='word_1_77' title='bbox 356 1057 466 1118; x_wconf 88' lang='lat' dir='ltr'><strong>habere</strong></span> <span class='ocrx_word' id='word_1_78' title='bbox 478 1059 661 1134; x_wconf 91' lang='lat' dir='ltr'><strong>novaculam,</strong></span> <span class='ocrx_word' id='word_1_79' title='bbox 677 1077 735 1138; x_wconf 92' lang='lat' dir='ltr'><strong>qua</strong></span> <span class='ocrx_word' id='word_1_80' title='bbox 751 1059 807 1120; x_wconf 92' lang='lat' dir='ltr'><strong>iam</strong></span> <span class='ocrx_word' id='word_1_81' title='bbox 822 1059 878 1121; x_wconf 91' lang='lat' dir='ltr'><strong>sibi</strong></span> <span class='ocrx_word' id='word_1_82' title='bbox 894 1061 1038 1122; x_wconf 91' lang='lat' dir='ltr'><strong>cervicem</strong></span> <span class='ocrx_word' id='word_1_83' title='bbox 1053 1061 1167 1140; x_wconf 84' lang='lat' dir='ltr'><strong>praeci-</strong></span> 
     </span>
    </p>

    <p class='ocr_par' dir='ltr' id='par_1_4' title="bbox 15 1137 1167 1562">
     <span class='ocr_line' id='line_1_11' title="bbox 15 1137 1166 1224; baseline 0.005 -22"><span class='ocrx_word' id='word_1_84' title='bbox 15 1149 66 1203; x_wconf 84' lang='lat' dir='ltr'><strong>lltl</strong></span> <span class='ocrx_word' id='word_1_85' title='bbox 83 1145 182 1205; x_wconf 78' lang='lat' dir='ltr'><strong>derat</strong></span> <span class='ocrx_word' id='word_1_86' title='bbox 211 1137 224 1217; x_wconf 89' lang='grc'><strong>11</strong></span> <span class='ocrx_word' id='word_1_87' title='bbox 232 1150 329 1203; x_wconf 90' lang='lat' dir='ltr'><strong>stante</strong></span> <span class='ocrx_word' id='word_1_88' title='bbox 350 1160 422 1221; x_wconf 91' lang='lat' dir='ltr'><strong>ergo</strong></span> <span class='ocrx_word' id='word_1_89' title='bbox 437 1153 564 1221; x_wconf 90' lang='lat' dir='ltr'><strong>utraque</strong></span> <span class='ocrx_word' id='word_1_90' title='bbox 585 1144 664 1216; x_wconf 89' lang='lat' dir='ltr'><strong>acie,</strong></span> <span class='ocrx_word' id='word_1_91' title='bbox 686 1163 753 1205; x_wconf 91' lang='lat' dir='ltr'><strong>cum</strong></span> <span class='ocrx_word' id='word_1_92' title='bbox 774 1155 930 1224; x_wconf 85' lang='lat' dir='ltr'><strong>appareret</strong></span> <span class='ocrx_word' id='word_1_93' title='bbox 949 1147 1083 1208; x_wconf 76' lang='lat' dir='ltr'><strong>futurum</strong></span> <span class='ocrx_word' id='word_1_94' title='bbox 1105 1165 1166 1208; x_wconf 90' lang='lat' dir='ltr'><strong>non</strong></span> 
     </span>
     <span class='ocr_line' id='line_1_12' title="bbox 83 1226 1167 1308; baseline 0.003 -18"><span class='ocrx_word' id='word_1_95' title='bbox 83 1228 266 1290; x_wconf 78' lang='lat' dir='ltr'><strong>tralaticium</strong></span> <span class='ocrx_word' id='word_1_96' title='bbox 281 1226 402 1301; x_wconf 89' lang='lat' dir='ltr'><strong>bellum,</strong></span> <span class='ocrx_word' id='word_1_97' title='bbox 417 1245 504 1305; x_wconf 89' lang='lat' dir='ltr'><strong>aegre</strong></span> <span class='ocrx_word' id='word_1_98' title='bbox 520 1229 696 1308; x_wconf 85' lang='lat' dir='ltr'><strong>expugnavit</strong></span> <span class='ocrx_word' id='word_1_99' title='bbox 711 1230 903 1306; x_wconf 87' lang='lat' dir='ltr'><strong>gubernator,</strong></span> <span class='ocrx_word' id='word_1_100' title='bbox 919 1237 952 1292; x_wconf 89' lang='lat' dir='ltr'><strong>ut</strong></span> <span class='ocrx_word' id='word_1_101' title='bbox 967 1231 1167 1294; x_wconf 80' lang='lat' dir='ltr'><strong>caduceatoris</strong></span> 
     </span>
     <span class='ocr_line' id='line_1_13' title="bbox 83 1313 1166 1396; baseline 0.004 -22"><span class='ocrx_word' id='word_1_102' title='bbox 83 1331 175 1374; x_wconf 89' lang='lat' dir='ltr'><strong>more</strong></span> <span class='ocrx_word' id='word_1_103' title='bbox 190 1313 366 1392; x_wconf 77' lang='lat' dir='ltr'><strong>Tryphaena</strong></span> <span class='ocrx_word' id='word_1_104' title='bbox 382 1313 510 1375; x_wconf 86' lang='lat' dir='ltr'><strong>indutias</strong></span> <span class='ocrx_word' id='word_1_105' title='bbox 525 1315 644 1374; x_wconf 89' lang='lat' dir='ltr'><strong>laceret.</strong></span> <span class='ocrx_word' id='word_1_106' title='bbox 673 1315 739 1374; x_wconf 90' lang='lat' dir='ltr'><strong>data</strong></span> <span class='ocrx_word' id='word_1_107' title='bbox 755 1333 826 1394; x_wconf 88' lang='lat' dir='ltr'><strong>ergo</strong></span> <span class='ocrx_word' id='word_1_108' title='bbox 842 1324 1021 1396; x_wconf 85' lang='lat' dir='ltr'><strong>acceptaque</strong></span> <span class='ocrx_word' id='word_1_109' title='bbox 1033 1335 1069 1378; x_wconf 84' lang='lat' dir='ltr'><strong>ex</strong></span> <span class='ocrx_word' id='word_1_110' title='bbox 1083 1335 1166 1378; x_wconf 89' lang='lat' dir='ltr'><strong>more</strong></span> 
     </span>
     <span class='ocr_line' id='line_1_14' title="bbox 83 1396 1166 1480; baseline 0.004 -20"><span class='ocrx_word' id='word_1_111' title='bbox 83 1398 185 1479; x_wconf 90' lang='lat' dir='ltr'><strong>patrio</strong></span> <span class='ocrx_word' id='word_1_112' title='bbox 201 1398 260 1459; x_wconf 88' lang='lat' dir='ltr'><strong>fide</strong></span> <span class='ocrx_word' id='word_1_113' title='bbox 274 1396 443 1477; x_wconf 85' lang='lat' dir='ltr'><strong>praetendit</strong></span> <span class='ocrx_word' id='word_1_114' title='bbox 457 1416 571 1460; x_wconf 79' lang='lat' dir='ltr'><strong>rannum</strong></span> <span class='ocrx_word' id='word_1_115' title='bbox 587 1399 696 1460; x_wconf 92' lang='lat' dir='ltr'><strong>oleaea</strong></span> <span class='ocrx_word' id='word_1_116' title='bbox 711 1399 800 1461; x_wconf 90' lang='lat' dir='ltr'><strong>tutela</strong></span> <span class='ocrx_word' id='word_1_117' title='bbox 817 1400 924 1478; x_wconf 88' lang='lat' dir='ltr'><strong>navigii</strong></span> <span class='ocrx_word' id='word_1_118' title='bbox 938 1410 1065 1480; x_wconf 89' lang='lat' dir='ltr'><strong>raptum,</strong></span> <span class='ocrx_word' id='word_1_119' title='bbox 1079 1410 1166 1480; x_wconf 90' lang='lat' dir='ltr'><strong>atque</strong></span> 
     </span>
     <span class='ocr_line' id='line_1_15' title="bbox 84 1483 517 1562; baseline 0 -18"><span class='ocrx_word' id='word_1_120' title='bbox 84 1484 117 1546; x_wconf 93' lang='lat' dir='ltr'><strong>in</strong></span> <span class='ocrx_word' id='word_1_121' title='bbox 135 1483 318 1562; x_wconf 86' lang='lat' dir='ltr'><strong>colloquium</strong></span> <span class='ocrx_word' id='word_1_122' title='bbox 332 1483 434 1544; x_wconf 88' lang='lat' dir='ltr'><strong>venire</strong></span> <span class='ocrx_word' id='word_1_123' title='bbox 448 1501 517 1544; x_wconf 90' lang='lat' dir='ltr'><strong>ausa</strong></span> 
     </span>
    </p>

    <p class='ocr_par' dir='ltr' id='par_1_5' title="bbox 33 1568 1046 1648">
     <span class='ocr_line' id='line_1_16' title="bbox 33 1568 1046 1648; baseline 0.002 -20"><span class='ocrx_word' id='word_1_124' title='bbox 33 1576 61 1628; x_wconf 81' lang='lat'><strong>15</strong></span> <span class='ocrx_word' id='word_1_125' title='bbox 244 1568 321 1648; x_wconf 85' lang='lat' dir='ltr'><strong>‘quis</strong></span> <span class='ocrx_word' id='word_1_126' title='bbox 335 1568 428 1628; x_wconf 88' lang='lat' dir='ltr'><strong>iuror&#39;</strong></span> <span class='ocrx_word' id='word_1_127' title='bbox 444 1569 586 1629; x_wconf 84' lang='lat' dir='ltr'><strong>exclamat</strong></span> <span class='ocrx_word' id='word_1_128' title='bbox 601 1572 714 1648; x_wconf 86' lang='lat' dir='ltr'><strong>‘pacem</strong></span> <span class='ocrx_word' id='word_1_129' title='bbox 736 1569 882 1630; x_wconf 91' lang='lat' dir='ltr'><strong>convertit</strong></span> <span class='ocrx_word' id='word_1_130' title='bbox 896 1569 927 1629; x_wconf 94' lang='lat' dir='ltr'><strong>in</strong></span> <span class='ocrx_word' id='word_1_131' title='bbox 943 1568 1046 1630; x_wconf 79' lang='lat' dir='ltr'><strong>arma?</strong></span> 
     </span>
    </p>

    <p class='ocr_par' dir='ltr' id='par_1_6' title="bbox 244 1650 1050 1732">
     <span class='ocr_line' id='line_1_17' title="bbox 244 1650 1050 1732; baseline 0.001 -17"><span class='ocrx_word' id='word_1_132' title='bbox 244 1652 314 1732; x_wconf 91' lang='lat' dir='ltr'><strong>quid</strong></span> <span class='ocrx_word' id='word_1_133' title='bbox 330 1661 449 1715; x_wconf 86' lang='lat' dir='ltr'><strong>nostrae</strong></span> <span class='ocrx_word' id='word_1_134' title='bbox 464 1670 600 1714; x_wconf 89' lang='lat' dir='ltr'><strong>meruere</strong></span> <span class='ocrx_word' id='word_1_135' title='bbox 615 1650 744 1714; x_wconf 85' lang='lat' dir='ltr'><strong>manus‘l</strong></span> <span class='ocrx_word' id='word_1_136' title='bbox 760 1671 822 1714; x_wconf 92' lang='lat' dir='ltr'><strong>non</strong></span> <span class='ocrx_word' id='word_1_137' title='bbox 839 1653 946 1716; x_wconf 82' lang='lat' dir='ltr'><strong>Troius</strong></span> <span class='ocrx_word' id='word_1_138' title='bbox 962 1655 1050 1716; x_wconf 89' lang='lat' dir='ltr'><strong>heros</strong></span> 
     </span>
    </p>

    <p class='ocr_par' dir='ltr' id='par_1_7' title="bbox 244 1738 943 1817">
     <span class='ocr_line' id='line_1_18' title="bbox 244 1738 943 1817; baseline -0.001 -16"><span class='ocrx_word' id='word_1_139' title='bbox 244 1739 300 1801; x_wconf 91' lang='lat' dir='ltr'><strong>hac</strong></span> <span class='ocrx_word' id='word_1_140' title='bbox 315 1738 345 1800; x_wconf 93' lang='lat' dir='ltr'><strong>in</strong></span> <span class='ocrx_word' id='word_1_141' title='bbox 362 1738 453 1800; x_wconf 91' lang='lat' dir='ltr'><strong>classe</strong></span> <span class='ocrx_word' id='word_1_142' title='bbox 467 1738 546 1800; x_wconf 88' lang='lat' dir='ltr'><strong>vehit</strong></span> <span class='ocrx_word' id='word_1_143' title='bbox 559 1738 676 1817; x_wconf 91' lang='lat' dir='ltr'><strong>decepti</strong></span> <span class='ocrx_word' id='word_1_144' title='bbox 691 1738 800 1817; x_wconf 89' lang='lat' dir='ltr'><strong>pignus</strong></span> <span class='ocrx_word' id='word_1_145' title='bbox 815 1739 943 1812; x_wconf 78' lang='lat' dir='ltr'><strong>Atridae,</strong></span> 
     </span>
    </p>

    <p class='ocr_par' dir='ltr' id='par_1_8' title="bbox 247 1823 982 1902">
     <span class='ocr_line' id='line_1_19' title="bbox 247 1823 982 1902; baseline 0 -18"><span class='ocrx_word' id='word_1_146' title='bbox 247 1842 304 1884; x_wconf 90' lang='lat' dir='ltr'><strong>nec</strong></span> <span class='ocrx_word' id='word_1_147' title='bbox 319 1823 421 1884; x_wconf 86' lang='lat' dir='ltr'><strong>Medea</strong></span> <span class='ocrx_word' id='word_1_148' title='bbox 435 1824 539 1885; x_wconf 84' lang='lat' dir='ltr'><strong>furens</strong></span> <span class='ocrx_word' id='word_1_149' title='bbox 554 1824 686 1884; x_wconf 86' lang='lat' dir='ltr'><strong>fraterno</strong></span> <span class='ocrx_word' id='word_1_150' title='bbox 699 1823 844 1902; x_wconf 87' lang='lat' dir='ltr'><strong>sanguine</strong></span> <span class='ocrx_word' id='word_1_151' title='bbox 860 1832 982 1902; x_wconf 83' lang='lat' dir='ltr'><strong>pugnat.</strong></span> 
     </span>
    </p>

    <p class='ocr_par' dir='ltr' id='par_1_9' title="bbox 245 1908 1030 1988">
     <span class='ocr_line' id='line_1_20' title="bbox 245 1908 1030 1988; baseline 0 -18"><span class='ocrx_word' id='word_1_152' title='bbox 245 1909 296 1970; x_wconf 87' lang='lat' dir='ltr'><strong>sed</strong></span> <span class='ocrx_word' id='word_1_153' title='bbox 320 1917 509 1988; x_wconf 88' lang='lat' dir='ltr'><strong>contemptus</strong></span> <span class='ocrx_word' id='word_1_154' title='bbox 523 1927 606 1969; x_wconf 91' lang='lat' dir='ltr'><strong>amor</strong></span> <span class='ocrx_word' id='word_1_155' title='bbox 620 1908 698 1970; x_wconf 90' lang='lat' dir='ltr'><strong>vires</strong></span> <span class='ocrx_word' id='word_1_156' title='bbox 713 1908 810 1970; x_wconf 88' lang='lat' dir='ltr'><strong>habet.</strong></span> <span class='ocrx_word' id='word_1_157' title='bbox 841 1909 868 1970; x_wconf 92' lang='lat' dir='ltr'><strong>ei</strong></span> <span class='ocrx_word' id='word_1_158' title='bbox 884 1909 957 1970; x_wconf 91' lang='lat' dir='ltr'><strong>mihi</strong></span> <span class='ocrx_word' id='word_1_159' title='bbox 973 1910 1030 1971; x_wconf 85' lang='lat' dir='ltr'><strong>fata</strong></span> 
     </span>
    </p>

    <p class='ocr_par' dir='ltr' id='par_1_10' title="bbox 243 1991 948 2073">
     <span class='ocr_line' id='line_1_21' title="bbox 243 1991 948 2073; baseline 0 -19"><span class='ocrx_word' id='word_1_160' title='bbox 243 1993 299 2054; x_wconf 92' lang='lat' dir='ltr'><strong>hos</strong></span> <span class='ocrx_word' id='word_1_161' title='bbox 314 1993 393 2054; x_wconf 91' lang='lat' dir='ltr'><strong>inter</strong></span> <span class='ocrx_word' id='word_1_162' title='bbox 407 1994 515 2055; x_wconf 87' lang='lat' dir='ltr'><strong>fluctus</strong></span> <span class='ocrx_word' id='word_1_163' title='bbox 530 1993 596 2073; x_wconf 92' lang='lat' dir='ltr'><strong>quis</strong></span> <span class='ocrx_word' id='word_1_164' title='bbox 610 1994 701 2072; x_wconf 90' lang='lat' dir='ltr'><strong>raptis</strong></span> <span class='ocrx_word' id='word_1_165' title='bbox 722 2003 823 2055; x_wconf 88' lang='lat' dir='ltr'><strong>evocat</strong></span> <span class='ocrx_word' id='word_1_166' title='bbox 837 1991 948 2056; x_wconf 82' lang='lat' dir='ltr'><strong>armis?</strong></span> 
     </span>
    </p>

    <p class='ocr_par' dir='ltr' id='par_1_11' title="bbox 245 2077 1025 2158">
     <span class='ocr_line' id='line_1_22' title="bbox 245 2077 1025 2158; baseline 0.003 -20"><span class='ocrx_word' id='word_1_167' title='bbox 245 2079 294 2138; x_wconf 92' lang='lat' dir='ltr'><strong>cui</strong></span> <span class='ocrx_word' id='word_1_168' title='bbox 310 2098 371 2141; x_wconf 91' lang='lat' dir='ltr'><strong>non</strong></span> <span class='ocrx_word' id='word_1_169' title='bbox 388 2088 432 2140; x_wconf 91' lang='lat' dir='ltr'><strong>est</strong></span> <span class='ocrx_word' id='word_1_170' title='bbox 446 2095 527 2140; x_wconf 93' lang='lat' dir='ltr'><strong>mors</strong></span> <span class='ocrx_word' id='word_1_171' title='bbox 542 2097 601 2140; x_wconf 92' lang='lat' dir='ltr'><strong>una</strong></span> <span class='ocrx_word' id='word_1_172' title='bbox 617 2077 712 2140; x_wconf 72' lang='lat' dir='ltr'><strong>satis?</strong></span> <span class='ocrx_word' id='word_1_173' title='bbox 723 2098 760 2140; x_wconf 90' lang='lat' dir='ltr'><strong>ne</strong></span> <span class='ocrx_word' id='word_1_174' title='bbox 775 2079 883 2142; x_wconf 85' lang='lat' dir='ltr'><strong>vincite</strong></span> <span class='ocrx_word' id='word_1_175' title='bbox 899 2087 1025 2158; x_wconf 92' lang='lat' dir='ltr'><strong>pontum</strong></span> 
     </span>
    </p>

    <p class='ocr_par' dir='ltr' id='par_1_12' title="bbox 243 2163 949 2243">
     <span class='ocr_line' id='line_1_23' title="bbox 243 2163 949 2243; baseline 0.004 -20"><span class='ocrx_word' id='word_1_176' title='bbox 243 2163 470 2243; x_wconf 77' lang='lat' dir='ltr'><strong>gurgitibusque</strong></span> <span class='ocrx_word' id='word_1_177' title='bbox 485 2164 555 2226; x_wconf 83' lang='lat' dir='ltr'><strong>seris</strong></span> <span class='ocrx_word' id='word_1_178' title='bbox 570 2164 642 2225; x_wconf 88' lang='lat' dir='ltr'><strong>alios</strong></span> <span class='ocrx_word' id='word_1_179' title='bbox 663 2163 807 2243; x_wconf 89' lang='lat' dir='ltr'><strong>imponite</strong></span> <span class='ocrx_word' id='word_1_180' title='bbox 823 2163 949 2226; x_wconf 84' lang='lat' dir='ltr'><strong>fluctus’</strong></span> 
     </span>
    </p>

    <p class='ocr_par' dir='ltr' id='par_1_13' title="bbox 176 2248 1250 2328">
     <span class='ocr_line' id='line_1_24' title="bbox 176 2248 1250 2328; baseline 0.004 -19"><span class='ocrx_word' id='word_1_181' title='bbox 176 2249 250 2309; x_wconf 89' lang='lat' dir='ltr'><strong>haec</strong></span> <span class='ocrx_word' id='word_1_182' title='bbox 261 2258 294 2309; x_wconf 90' lang='lat' dir='ltr'><strong>ut</strong></span> <span class='ocrx_word' id='word_1_183' title='bbox 303 2248 422 2310; x_wconf 88' lang='lat' dir='ltr'><strong>turbato</strong></span> <span class='ocrx_word' id='word_1_184' title='bbox 434 2248 562 2310; x_wconf 90' lang='lat' dir='ltr'><strong>clamore</strong></span> <span class='ocrx_word' id='word_1_185' title='bbox 573 2248 681 2310; x_wconf 92' lang='lat' dir='ltr'><strong>mulier</strong></span> <span class='ocrx_word' id='word_1_186' title='bbox 691 2249 803 2323; x_wconf 81' lang='lat' dir='ltr'><strong>effudit,</strong></span> <span class='ocrx_word' id='word_1_187' title='bbox 819 2249 913 2310; x_wconf 91' lang='lat' dir='ltr'><strong>haesit</strong></span> <span class='ocrx_word' id='word_1_188' title='bbox 927 2249 1078 2328; x_wconf 87' lang='lat' dir='ltr'><strong>paulisper</strong></span> <span class='ocrx_word' id='word_1_189' title='bbox 1089 2249 1166 2310; x_wconf 90' lang='lat' dir='ltr'><strong>acies</strong></span> <span class='ocrx_word' id='word_1_190' title='bbox 1191 2251 1250 2313; x_wconf 82' lang='lat'><strong>109</strong></span> 
     </span>
    </p>

    <p class='ocr_par' dir='ltr' id='par_1_14' title="bbox 87 2332 1167 2413">
     <span class='ocr_line' id='line_1_25' title="bbox 87 2332 1167 2413; baseline -0.003 -18"><span class='ocrx_word' id='word_1_191' title='bbox 87 2343 302 2411; x_wconf 86' lang='lat' dir='ltr'><strong>revocataeque</strong></span> <span class='ocrx_word' id='word_1_192' title='bbox 318 2333 353 2393; x_wconf 91' lang='lat' dir='ltr'><strong>ad</strong></span> <span class='ocrx_word' id='word_1_193' title='bbox 369 2351 471 2413; x_wconf 92' lang='lat' dir='ltr'><strong>pacem</strong></span> <span class='ocrx_word' id='word_1_194' title='bbox 487 2351 593 2396; x_wconf 88' lang='lat' dir='ltr'><strong>manus</strong></span> <span class='ocrx_word' id='word_1_195' title='bbox 607 2333 794 2394; x_wconf 88' lang='lat' dir='ltr'><strong>intermisere</strong></span> <span class='ocrx_word' id='word_1_196' title='bbox 810 2332 929 2394; x_wconf 92' lang='lat' dir='ltr'><strong>bellum.</strong></span> <span class='ocrx_word' id='word_1_197' title='bbox 960 2333 1052 2394; x_wconf 90' lang='lat' dir='ltr'><strong>utitur</strong></span> <span class='ocrx_word' id='word_1_198' title='bbox 1063 2332 1167 2413; x_wconf 90' lang='lat' dir='ltr'><strong>paeni-</strong></span> 
     </span>
    </p>

    <p class='ocr_par' dir='ltr' id='par_1_15' title="bbox 39 2417 1296 2846">
     <span class='ocr_line' id='line_1_26' title="bbox 39 2417 1167 2498; baseline 0 -20"><span class='ocrx_word' id='word_1_199' title='bbox 39 2427 66 2478; x_wconf 77' lang='lat'><strong>23</strong></span> <span class='ocrx_word' id='word_1_200' title='bbox 87 2419 199 2481; x_wconf 90' lang='lat' dir='ltr'><strong>tentiae</strong></span> <span class='ocrx_word' id='word_1_201' title='bbox 216 2419 371 2480; x_wconf 90' lang='lat' dir='ltr'><strong>occasione</strong></span> <span class='ocrx_word' id='word_1_202' title='bbox 384 2418 443 2480; x_wconf 82' lang='lat' dir='ltr'><strong>dux</strong></span> <span class='ocrx_word' id='word_1_203' title='bbox 458 2418 621 2498; x_wconf 85' lang='lat' dir='ltr'><strong>Eumolpos</strong></span> <span class='ocrx_word' id='word_1_204' title='bbox 634 2427 664 2478; x_wconf 89' lang='lat' dir='ltr'><strong>et</strong></span> <span class='ocrx_word' id='word_1_205' title='bbox 674 2418 814 2496; x_wconf 89' lang='lat' dir='ltr'><strong>castigato</strong></span> <span class='ocrx_word' id='word_1_206' title='bbox 830 2427 899 2479; x_wconf 90' lang='lat' dir='ltr'><strong>ante</strong></span> <span class='ocrx_word' id='word_1_207' title='bbox 909 2417 1167 2479; x_wconf 90' lang='lat' dir='ltr'><strong>vehementissime</strong></span> 
     </span>
     <span class='ocr_line' id='line_1_27' title="bbox 88 2502 1168 2582; baseline -0.002 -16"><span class='ocrx_word' id='word_1_208' title='bbox 88 2504 179 2566; x_wconf 87' lang='lat' dir='ltr'><strong>Licha</strong></span> <span class='ocrx_word' id='word_1_209' title='bbox 201 2503 317 2564; x_wconf 90' lang='lat' dir='ltr'><strong>tabulas</strong></span> <span class='ocrx_word' id='word_1_210' title='bbox 338 2502 466 2566; x_wconf 80' lang='lat' dir='ltr'><strong>foederis</strong></span> <span class='ocrx_word' id='word_1_211' title='bbox 486 2503 598 2582; x_wconf 89' lang='lat' dir='ltr'><strong>signat,</strong></span> <span class='ocrx_word' id='word_1_212' title='bbox 622 2503 688 2582; x_wconf 89' lang='lat' dir='ltr'><strong>quis</strong></span> <span class='ocrx_word' id='word_1_213' title='bbox 707 2503 781 2564; x_wconf 89' lang='lat' dir='ltr'><strong>haec</strong></span> <span class='ocrx_word' id='word_1_214' title='bbox 801 2503 927 2565; x_wconf 81' lang='lat' dir='ltr'><strong>formula</strong></span> <span class='ocrx_word' id='word_1_215' title='bbox 952 2511 1029 2564; x_wconf 87' lang='lat' dir='ltr'><strong>erat:</strong></span> <span class='ocrx_word' id='word_1_216' title='bbox 1058 2508 1103 2563; x_wconf 82' lang='lat' dir='ltr'><strong>‘ex</strong></span> <span class='ocrx_word' id='word_1_217' title='bbox 1123 2503 1168 2564; x_wconf 89' lang='lat' dir='ltr'><strong>tui</strong></span> 
     </span>
     <span class='ocr_line' id='line_1_28' title="bbox 87 2588 1167 2670; baseline -0.001 -20"><span class='ocrx_word' id='word_1_218' title='bbox 87 2590 179 2651; x_wconf 90' lang='lat' dir='ltr'><strong>animi</strong></span> <span class='ocrx_word' id='word_1_219' title='bbox 194 2589 358 2663; x_wconf 88' lang='lat' dir='ltr'><strong>sententia,</strong></span> <span class='ocrx_word' id='word_1_220' title='bbox 376 2597 410 2650; x_wconf 91' lang='lat' dir='ltr'><strong>ut</strong></span> <span class='ocrx_word' id='word_1_221' title='bbox 424 2598 465 2664; x_wconf 90' lang='lat' dir='ltr'><strong>tu,</strong></span> <span class='ocrx_word' id='word_1_222' title='bbox 483 2589 673 2670; x_wconf 78' lang='lat' dir='ltr'><strong>Tryphaena,</strong></span> <span class='ocrx_word' id='word_1_223' title='bbox 698 2605 796 2667; x_wconf 92' lang='lat' dir='ltr'><strong>neque</strong></span> <span class='ocrx_word' id='word_1_224' title='bbox 809 2589 947 2651; x_wconf 92' lang='lat' dir='ltr'><strong>iniuriam</strong></span> <span class='ocrx_word' id='word_1_225' title='bbox 962 2588 1016 2650; x_wconf 89' lang='lat' dir='ltr'><strong>tibi</strong></span> <span class='ocrx_word' id='word_1_226' title='bbox 1031 2590 1136 2650; x_wconf 80' lang='lat' dir='ltr'><strong>tactam</strong></span> <span class='ocrx_word' id='word_1_227' title='bbox 1151 2607 1167 2649; x_wconf 93' lang='lat' dir='ltr'><strong>a</strong></span> 
     </span>
     <span class='ocr_line' id='line_1_29' title="bbox 88 2673 1167 2753; baseline 0.001 -17"><span class='ocrx_word' id='word_1_228' title='bbox 88 2675 198 2736; x_wconf 85' lang='lat' dir='ltr'><strong>Gitone</strong></span> <span class='ocrx_word' id='word_1_229' title='bbox 225 2673 376 2753; x_wconf 88' lang='lat' dir='ltr'><strong>quereris,</strong></span> <span class='ocrx_word' id='word_1_230' title='bbox 403 2692 502 2753; x_wconf 91' lang='lat' dir='ltr'><strong>neque</strong></span> <span class='ocrx_word' id='word_1_231' title='bbox 528 2675 552 2736; x_wconf 93' lang='lat' dir='ltr'><strong>si</strong></span> <span class='ocrx_word' id='word_1_232' title='bbox 579 2674 649 2753; x_wconf 92' lang='lat' dir='ltr'><strong>quid</strong></span> <span class='ocrx_word' id='word_1_233' title='bbox 676 2681 745 2734; x_wconf 91' lang='lat' dir='ltr'><strong>ante</strong></span> <span class='ocrx_word' id='word_1_234' title='bbox 771 2675 852 2736; x_wconf 90' lang='lat' dir='ltr'><strong>hunc</strong></span> <span class='ocrx_word' id='word_1_235' title='bbox 878 2673 957 2734; x_wconf 90' lang='lat' dir='ltr'><strong>diem</strong></span> <span class='ocrx_word' id='word_1_236' title='bbox 982 2674 1091 2735; x_wconf 86' lang='lat' dir='ltr'><strong>lactum</strong></span> <span class='ocrx_word' id='word_1_237' title='bbox 1113 2682 1167 2750; x_wconf 88' lang='lat' dir='ltr'><strong>est,</strong></span> 
     </span>
     <span class='ocr_line' id='line_1_30' title="bbox 88 2759 1296 2846; baseline -0.002 -24"><span class='ocrx_word' id='word_1_238' title='bbox 88 2759 201 2822; x_wconf 91' lang='lat' dir='ltr'><strong>obicies</strong></span> <span class='ocrx_word' id='word_1_239' title='bbox 216 2759 412 2821; x_wconf 82' lang='lat' dir='ltr'><strong>vindicabisve</strong></span> <span class='ocrx_word' id='word_1_240' title='bbox 427 2769 479 2821; x_wconf 88' lang='lat' dir='ltr'><strong>aut</strong></span> <span class='ocrx_word' id='word_1_241' title='bbox 494 2759 554 2820; x_wconf 91' lang='lat' dir='ltr'><strong>ullo</strong></span> <span class='ocrx_word' id='word_1_242' title='bbox 571 2760 629 2820; x_wconf 89' lang='lat' dir='ltr'><strong>alio</strong></span> <span class='ocrx_word' id='word_1_243' title='bbox 652 2777 763 2837; x_wconf 91' lang='lat' dir='ltr'><strong>genere</strong></span> <span class='ocrx_word' id='word_1_244' title='bbox 779 2760 1017 2840; x_wconf 90' lang='lat' dir='ltr'><strong>persequendum</strong></span> <span class='ocrx_word' id='word_1_245' title='bbox 1033 2759 1265 2846; x_wconf 26' lang='lat' dir='ltr'><strong>carabi-sq*</strong></span> <span class='ocrx_word' id='word_1_246' title='bbox 1288 2777 1296 2811; x_wconf 80' lang='lat' dir='ltr'><strong>t</strong></span> 
     </span>
    </p>

    <p class='ocr_par' dir='ltr' id='par_1_16' title="bbox 38 2844 1169 3264">
     <span class='ocr_line' id='line_1_31' title="bbox 38 2844 1167 2924; baseline 0.002 -20"><span class='ocrx_word' id='word_1_247' title='bbox 38 2853 66 2904; x_wconf 72' lang='lat' dir='ltr'><strong>aa</strong></span> <span class='ocrx_word' id='word_1_248' title='bbox 88 2853 121 2907; x_wconf 92' lang='lat' dir='ltr'><strong>ut</strong></span> <span class='ocrx_word' id='word_1_249' title='bbox 135 2855 169 2906; x_wconf 92' lang='lat' dir='ltr'><strong>tu</strong></span> <span class='ocrx_word' id='word_1_250' title='bbox 185 2844 262 2906; x_wconf 93' lang='lat' dir='ltr'><strong>nihil</strong></span> <span class='ocrx_word' id='word_1_251' title='bbox 276 2844 436 2923; x_wconf 86' lang='lat' dir='ltr'><strong>imperabis</strong></span> <span class='ocrx_word' id='word_1_252' title='bbox 451 2863 544 2924; x_wconf 90' lang='lat' dir='ltr'><strong>puero</strong></span> <span class='ocrx_word' id='word_1_253' title='bbox 560 2844 749 2924; x_wconf 81' lang='lat' dir='ltr'><strong>repugnanti,</strong></span> <span class='ocrx_word' id='word_1_254' title='bbox 767 2863 828 2906; x_wconf 95' lang='lat' dir='ltr'><strong>non</strong></span> <span class='ocrx_word' id='word_1_255' title='bbox 844 2845 1025 2924; x_wconf 81' lang='lat' dir='ltr'><strong>amplerum,</strong></span> <span class='ocrx_word' id='word_1_256' title='bbox 1042 2863 1104 2905; x_wconf 93' lang='lat' dir='ltr'><strong>non</strong></span> <span class='ocrx_word' id='word_1_257' title='bbox 1120 2864 1167 2906; x_wconf 91' lang='lat' dir='ltr'><strong>os-</strong></span> 
     </span>
     <span class='ocr_line' id='line_1_32' title="bbox 88 2929 1168 3009; baseline -0.001 -18"><span class='ocrx_word' id='word_1_258' title='bbox 88 2931 206 3004; x_wconf 90' lang='lat' dir='ltr'><strong>culum,</strong></span> <span class='ocrx_word' id='word_1_259' title='bbox 230 2948 292 2990; x_wconf 93' lang='lat' dir='ltr'><strong>non</strong></span> <span class='ocrx_word' id='word_1_260' title='bbox 315 2930 424 2990; x_wconf 91' lang='lat' dir='ltr'><strong>coitum</strong></span> <span class='ocrx_word' id='word_1_261' title='bbox 440 2948 549 2991; x_wconf 91' lang='lat' dir='ltr'><strong>venere</strong></span> <span class='ocrx_word' id='word_1_262' title='bbox 565 2929 775 3004; x_wconf 90' lang='lat' dir='ltr'><strong>constrictum,</strong></span> <span class='ocrx_word' id='word_1_263' title='bbox 798 2929 853 2992; x_wconf 89' lang='lat' dir='ltr'><strong>nisi</strong></span> <span class='ocrx_word' id='word_1_264' title='bbox 870 2948 925 3008; x_wconf 88' lang='lat' dir='ltr'><strong>pro</strong></span> <span class='ocrx_word' id='word_1_265' title='bbox 949 2948 1006 3008; x_wconf 91' lang='lat' dir='ltr'><strong>qua</strong></span> <span class='ocrx_word' id='word_1_266' title='bbox 1027 2947 1061 2990; x_wconf 91' lang='lat' dir='ltr'><strong>re</strong></span> <span class='ocrx_word' id='word_1_267' title='bbox 1081 2948 1168 3009; x_wconf 89' lang='lat' dir='ltr'><strong>prae·</strong></span> 
     </span>
     <span class='ocr_line' id='line_1_33' title="bbox 87 3013 1169 3090; baseline -0.001 -13"><span class='ocrx_word' id='word_1_268' title='bbox 87 3023 188 3078; x_wconf 88' lang='lat' dir='ltr'><strong>sentes</strong></span> <span class='ocrx_word' id='word_1_269' title='bbox 202 3015 407 3076; x_wconf 85' lang='lat' dir='ltr'><strong>numeraveris</strong></span> <span class='ocrx_word' id='word_1_270' title='bbox 422 3015 560 3076; x_wconf 90' lang='lat' dir='ltr'><strong>denarios</strong></span> <span class='ocrx_word' id='word_1_271' title='bbox 575 3022 705 3076; x_wconf 86' lang='lat' dir='ltr'><strong>uentum.</strong></span> <span class='ocrx_word' id='word_1_272' title='bbox 742 3014 828 3090; x_wconf 88' lang='lat' dir='ltr'><strong>item,</strong></span> <span class='ocrx_word' id='word_1_273' title='bbox 844 3015 944 3088; x_wconf 87' lang='lat' dir='ltr'><strong>Licha,</strong></span> <span class='ocrx_word' id='word_1_274' title='bbox 968 3031 1003 3074; x_wconf 84' lang='lat' dir='ltr'><strong>ex</strong></span> <span class='ocrx_word' id='word_1_275' title='bbox 1019 3014 1062 3075; x_wconf 93' lang='lat' dir='ltr'><strong>tui</strong></span> <span class='ocrx_word' id='word_1_276' title='bbox 1078 3013 1169 3076; x_wconf 92' lang='lat' dir='ltr'><strong>animi</strong></span> 
     </span>
     <span class='ocr_line' id='line_1_34' title="bbox 88 3097 1169 3180; baseline -0.004 -18"><span class='ocrx_word' id='word_1_277' title='bbox 88 3100 253 3173; x_wconf 90' lang='lat' dir='ltr'><strong>sententia,</strong></span> <span class='ocrx_word' id='word_1_278' title='bbox 280 3108 313 3161; x_wconf 92' lang='lat' dir='ltr'><strong>ut</strong></span> <span class='ocrx_word' id='word_1_279' title='bbox 332 3107 365 3163; x_wconf 90' lang='lat' dir='ltr'><strong>tu</strong></span> <span class='ocrx_word' id='word_1_280' title='bbox 385 3099 552 3180; x_wconf 87' lang='lat' dir='ltr'><strong>Encolpion</strong></span> <span class='ocrx_word' id='word_1_281' title='bbox 575 3117 631 3161; x_wconf 89' lang='lat' dir='ltr'><strong>nec</strong></span> <span class='ocrx_word' id='word_1_282' title='bbox 651 3099 742 3160; x_wconf 89' lang='lat' dir='ltr'><strong>verbo</strong></span> <span class='ocrx_word' id='word_1_283' title='bbox 765 3098 981 3161; x_wconf 91' lang='lat' dir='ltr'><strong>contumelioso</strong></span> <span class='ocrx_word' id='word_1_284' title='bbox 1002 3097 1169 3176; x_wconf 87' lang='lat' dir='ltr'><strong>insequeris</strong></span> 
     </span>
     <span class='ocr_line' id='line_1_35' title="bbox 88 3182 1168 3264; baseline -0.003 -18"><span class='ocrx_word' id='word_1_285' title='bbox 88 3203 144 3247; x_wconf 91' lang='lat' dir='ltr'><strong>nec</strong></span> <span class='ocrx_word' id='word_1_286' title='bbox 159 3185 259 3258; x_wconf 90' lang='lat' dir='ltr'><strong>vultu,</strong></span> <span class='ocrx_word' id='word_1_287' title='bbox 283 3203 381 3264; x_wconf 89' lang='lat' dir='ltr'><strong>neque</strong></span> <span class='ocrx_word' id='word_1_288' title='bbox 396 3203 522 3264; x_wconf 89' lang='lat' dir='ltr'><strong>quaeres</strong></span> <span class='ocrx_word' id='word_1_289' title='bbox 544 3184 594 3247; x_wconf 91' lang='lat' dir='ltr'><strong>ubi</strong></span> <span class='ocrx_word' id='word_1_290' title='bbox 610 3193 698 3246; x_wconf 89' lang='lat' dir='ltr'><strong>nocte</strong></span> <span class='ocrx_word' id='word_1_291' title='bbox 719 3184 858 3258; x_wconf 91' lang='lat' dir='ltr'><strong>dormiat,</strong></span> <span class='ocrx_word' id='word_1_292' title='bbox 881 3192 932 3246; x_wconf 91' lang='lat' dir='ltr'><strong>aut</strong></span> <span class='ocrx_word' id='word_1_293' title='bbox 952 3183 977 3244; x_wconf 91' lang='lat' dir='ltr'><strong>si</strong></span> <span class='ocrx_word' id='word_1_294' title='bbox 998 3182 1168 3261; x_wconf 87' lang='lat' dir='ltr'><strong>quaesieris,</strong></span> 
     </span>
    </p>

    <p class='ocr_par' dir='ltr' id='par_1_17' title="bbox 40 3267 1170 3606">
     <span class='ocr_line' id='line_1_36' title="bbox 40 3267 1168 3350; baseline 0.003 -22"><span class='ocrx_word' id='word_1_295' title='bbox 40 3277 67 3328; x_wconf 81' lang='lat' dir='ltr'><strong>tt</strong></span> <span class='ocrx_word' id='word_1_296' title='bbox 88 3288 143 3350; x_wconf 92' lang='lat' dir='ltr'><strong>pro</strong></span> <span class='ocrx_word' id='word_1_297' title='bbox 158 3269 285 3348; x_wconf 90' lang='lat' dir='ltr'><strong>singulis</strong></span> <span class='ocrx_word' id='word_1_298' title='bbox 300 3270 415 3333; x_wconf 91' lang='lat' dir='ltr'><strong>iniuriis</strong></span> <span class='ocrx_word' id='word_1_299' title='bbox 431 3268 600 3332; x_wconf 90' lang='lat' dir='ltr'><strong>numerabis</strong></span> <span class='ocrx_word' id='word_1_300' title='bbox 615 3277 789 3349; x_wconf 89' lang='lat' dir='ltr'><strong>praesentes</strong></span> <span class='ocrx_word' id='word_1_301' title='bbox 803 3269 942 3330; x_wconf 88' lang='lat' dir='ltr'><strong>denarios</strong></span> <span class='ocrx_word' id='word_1_302' title='bbox 957 3267 1108 3330; x_wconf 89' lang='lat' dir='ltr'><strong>ducenos’.</strong></span> <span class='ocrx_word' id='word_1_303' title='bbox 1137 3268 1168 3331; x_wconf 90' lang='lat' dir='ltr'><strong>in</strong></span> 
     </span>
     <span class='ocr_line' id='line_1_37' title="bbox 51 3350 1169 3436; baseline 0.004 -26"><span class='ocrx_word' id='word_1_304' title='bbox 51 3357 165 3416; x_wconf 84' lang='lat' dir='ltr'><strong>thaec</strong></span> <span class='ocrx_word' id='word_1_305' title='bbox 179 3355 269 3416; x_wconf 91' lang='lat' dir='ltr'><strong>verba</strong></span> <span class='ocrx_word' id='word_1_306' title='bbox 292 3355 461 3418; x_wconf 80' lang='lat' dir='ltr'><strong>foederibus</strong></span> <span class='ocrx_word' id='word_1_307' title='bbox 484 3355 654 3435; x_wconf 88' lang='lat' dir='ltr'><strong>compositis</strong></span> <span class='ocrx_word' id='word_1_308' title='bbox 678 3372 760 3418; x_wconf 92' lang='lat' dir='ltr'><strong>arma</strong></span> <span class='ocrx_word' id='word_1_309' title='bbox 777 3353 955 3434; x_wconf 89' lang='lat' dir='ltr'><strong>deponimus</strong></span> <span class='ocrx_word' id='word_1_310' title='bbox 974 3350 978 3436; x_wconf 92' lang='grc' dir='ltr'>Ι</span> <span class='ocrx_word' id='word_1_311' title='bbox 998 3361 1028 3415; x_wconf 91' lang='lat' dir='ltr'><strong>et</strong></span> <span class='ocrx_word' id='word_1_312' title='bbox 1043 3371 1081 3415; x_wconf 94' lang='lat' dir='ltr'><strong>ne</strong></span> <span class='ocrx_word' id='word_1_313' title='bbox 1096 3353 1169 3414; x_wconf 90' lang='lat' dir='ltr'><strong>resi-</strong></span> 
     </span>
     <span class='ocr_line' id='line_1_38' title="bbox 89 3438 1169 3520; baseline -0.003 -19"><span class='ocrx_word' id='word_1_314' title='bbox 89 3441 148 3502; x_wconf 92' lang='lat' dir='ltr'><strong>dua</strong></span> <span class='ocrx_word' id='word_1_315' title='bbox 162 3442 194 3502; x_wconf 94' lang='lat' dir='ltr'><strong>in</strong></span> <span class='ocrx_word' id='word_1_316' title='bbox 210 3440 316 3502; x_wconf 89' lang='lat' dir='ltr'><strong>animis</strong></span> <span class='ocrx_word' id='word_1_317' title='bbox 332 3441 417 3502; x_wconf 91' lang='lat' dir='ltr'><strong>etiam</strong></span> <span class='ocrx_word' id='word_1_318' title='bbox 432 3448 501 3520; x_wconf 87' lang='lat' dir='ltr'><strong>post</strong></span> <span class='ocrx_word' id='word_1_319' title='bbox 516 3440 718 3502; x_wconf 91' lang='lat' dir='ltr'><strong>iusiurandum</strong></span> <span class='ocrx_word' id='word_1_320' title='bbox 741 3439 783 3500; x_wconf 89' lang='lat' dir='ltr'><strong>ira</strong></span> <span class='ocrx_word' id='word_1_321' title='bbox 806 3448 989 3512; x_wconf 87' lang='lat' dir='ltr'><strong>remaneret,</strong></span> <span class='ocrx_word' id='word_1_322' title='bbox 1011 3438 1169 3519; x_wconf 89' lang='lat' dir='ltr'><strong>praeterita</strong></span> 
     </span>
     <span class='ocr_line' id='line_1_39' title="bbox 91 3524 1170 3606; baseline -0.003 -19"><span class='ocrx_word' id='word_1_323' title='bbox 91 3525 205 3588; x_wconf 90' lang='lat' dir='ltr'><strong>aboleri</strong></span> <span class='ocrx_word' id='word_1_324' title='bbox 228 3524 336 3587; x_wconf 86' lang='lat' dir='ltr'><strong>osculis</strong></span> <span class='ocrx_word' id='word_1_325' title='bbox 361 3526 466 3606; x_wconf 90' lang='lat' dir='ltr'><strong>placet.</strong></span> <span class='ocrx_word' id='word_1_326' title='bbox 504 3524 731 3587; x_wconf 82' lang='lat' dir='ltr'><strong>exhortantibus</strong></span> <span class='ocrx_word' id='word_1_327' title='bbox 756 3525 902 3587; x_wconf 91' lang='lat' dir='ltr'><strong>universis</strong></span> <span class='ocrx_word' id='word_1_328' title='bbox 928 3525 994 3588; x_wconf 89' lang='lat' dir='ltr'><strong>odia</strong></span> <span class='ocrx_word' id='word_1_329' title='bbox 1020 3524 1170 3586; x_wconf 89' lang='lat' dir='ltr'><strong>detumes-</strong></span> 
     </span>
    </p>
   </div>
   <div class='ocr_carea' id='block_1_3' title="bbox 90 3689 1173 4016">
    <p class='ocr_par' dir='ltr' id='par_1_18' title="bbox 90 3689 1173 4016">
     <span class='ocr_line' id='line_1_40' title="bbox 175 3689 1171 3810; baseline -0.003 -65"><span class='ocrx_word' id='word_1_330' title='bbox 175 3695 192 3745; x_wconf 79' lang='grc'>4</span> <span class='ocrx_word' id='word_1_331' title='bbox 210 3691 329 3745; x_wconf 84' lang='lat' dir='ltr'><strong>infertam</strong></span> <span class='ocrx_word' id='word_1_332' title='bbox 345 3690 350 3761; x_wconf 91' lang='grc'>1</span> <span class='ocrx_word' id='word_1_333' title='bbox 367 3692 537 3744; x_wconf 89' lang='lat' dir='ltr'><strong>abscissurum</strong></span> <span class='ocrx_word' id='word_1_334' title='bbox 550 3692 588 3759; x_wconf 91' lang='grc'><strong>116</strong></span> <span class='ocrx_word' id='word_1_335' title='bbox 606 3691 769 3744; x_wconf 88' lang='lat' dir='ltr'><strong>miseratione</strong></span> <span class='ocrx_word' id='word_1_336' title='bbox 782 3692 898 3743; x_wconf 74' lang='lat' dir='ltr'><strong>Haustus</strong></span> <span class='ocrx_word' id='word_1_337' title='bbox 916 3690 976 3810; x_wconf 60' lang='lat' dir='ltr'><strong>llrtd</strong></span> <span class='ocrx_word' id='word_1_338' title='bbox 998 3705 1049 3742; x_wconf 89' lang='lat' dir='ltr'><strong>non</strong></span> <span class='ocrx_word' id='word_1_339' title='bbox 1067 3689 1171 3742; x_wconf 80' lang='lat' dir='ltr'><strong>st‘lata-</strong></span> 
     </span>
     <span class='ocr_line' id='line_1_41' title="bbox 91 3757 1171 3827; baseline -0.002 -16"><span class='ocrx_word' id='word_1_340' title='bbox 91 3760 198 3812; x_wconf 82' lang='lat' dir='ltr'><strong>riumL</strong></span> <span class='ocrx_word' id='word_1_341' title='bbox 229 3760 233 3827; x_wconf 93' lang='grc'>1</span> <span class='ocrx_word' id='word_1_342' title='bbox 261 3763 291 3812; x_wconf 87' lang='lat' dir='ltr'><strong>ta</strong></span> <span class='ocrx_word' id='word_1_343' title='bbox 310 3760 458 3826; x_wconf 74' lang='lat' dir='ltr'><strong>protendit!</strong></span> <span class='ocrx_word' id='word_1_344' title='bbox 479 3761 563 3812; x_wconf 84' lang='lat' dir='ltr'><strong>olivae</strong></span> <span class='ocrx_word' id='word_1_345' title='bbox 587 3760 712 3810; x_wconf 82' lang='lat' dir='ltr'><strong>nonnulli</strong></span> <span class='ocrx_word' id='word_1_346' title='bbox 734 3775 769 3811; x_wconf 75' lang='lat' dir='ltr'><strong>eae</strong></span> <span class='ocrx_word' id='word_1_347' title='bbox 789 3760 809 3810; x_wconf 90' lang='lat'><strong><em>0</em></strong></span> <span class='ocrx_word' id='word_1_348' title='bbox 832 3758 841 3826; x_wconf 89' lang='grc'><strong>11</strong></span> <span class='ocrx_word' id='word_1_349' title='bbox 873 3763 903 3812; x_wconf 86' lang='grc'><strong>16</strong></span> <span class='ocrx_word' id='word_1_350' title='bbox 945 3758 1013 3811; x_wconf 87' lang='lat' dir='ltr'><strong>roias</strong></span> <span class='ocrx_word' id='word_1_351' title='bbox 1032 3757 1114 3809; x_wconf 90' lang='lat' dir='ltr'><strong>hostis</strong></span> <span class='ocrx_word' id='word_1_352' title='bbox 1131 3757 1171 3809; x_wconf 85' lang='lat' dir='ltr'><strong>t.-</strong></span> 
     </span>
     <span class='ocr_line' id='line_1_42' title="bbox 90 3825 1167 3898; baseline -0.003 -18"><span class='ocrx_word' id='word_1_353' title='bbox 90 3827 186 3896; x_wconf 84' lang='lat' dir='ltr'><strong>hospes</strong></span> <span class='ocrx_word' id='word_1_354' title='bbox 243 3827 351 3898; x_wconf 70' lang='lat' dir='ltr'><strong>eltltual</strong></span> <span class='ocrx_word' id='word_1_355' title='bbox 367 3832 395 3882; x_wconf 81' lang='lat' dir='ltr'><strong>ta</strong></span> <span class='ocrx_word' id='word_1_356' title='bbox 415 3835 441 3880; x_wconf 85' lang='lat' dir='ltr'><strong>et</strong></span> <span class='ocrx_word' id='word_1_357' title='bbox 458 3828 519 3880; x_wconf 89' lang='lat' dir='ltr'><strong>mihi</strong></span> <span class='ocrx_word' id='word_1_358' title='bbox 534 3827 592 3896; x_wconf 74' lang='grc'>1122</span> <span class='ocrx_word' id='word_1_359' title='bbox 611 3827 740 3880; x_wconf 86' lang='lat' dir='ltr'><strong>immittite</strong></span> <span class='ocrx_word' id='word_1_360' title='bbox 758 3828 781 3880; x_wconf 85' lang='lat' dir='ltr'><em>L</em></span> <span class='ocrx_word' id='word_1_361' title='bbox 800 3828 854 3893; x_wconf 79' lang='grc'>1123</span> <span class='ocrx_word' id='word_1_362' title='bbox 873 3827 975 3879; x_wconf 86' lang='lat' dir='ltr'><strong>turbata</strong></span> <span class='ocrx_word' id='word_1_363' title='bbox 994 3825 1145 3878; x_wconf 70' lang='lat' dir='ltr'><strong>bichardus</strong></span> <span class='ocrx_word' id='word_1_364' title='bbox 1163 3825 1167 3890; x_wconf 93' lang='grc'>1</span> 
     </span>
     <span class='ocr_line' id='line_1_43' title="bbox 92 3894 1173 4016; baseline -0.001 -68"><span class='ocrx_word' id='word_1_365' title='bbox 92 3896 265 4016; x_wconf 47' lang='grc' dir='ltr'><strong>Ἑοῗξιᾳῃεαθ</strong></span> <span class='ocrx_word' id='word_1_366' title='bbox 277 3894 287 3964; x_wconf 88' lang='grc'>1</span> <span class='ocrx_word' id='word_1_367' title='bbox 300 3899 333 3948; x_wconf 77' lang='grc'><strong>26</strong></span> <span class='ocrx_word' id='word_1_368' title='bbox 349 3895 466 3958; x_wconf 70' lang='lat' dir='ltr'><strong>sermm</strong></span> <span class='ocrx_word' id='word_1_369' title='bbox 483 3897 556 3949; x_wconf 90' lang='lat' dir='ltr'><strong>cuius</strong></span> <span class='ocrx_word' id='word_1_370' title='bbox 568 3897 578 3964; x_wconf 93' lang='grc'><strong>11</strong></span> <span class='ocrx_word' id='word_1_371' title='bbox 591 3899 623 3949; x_wconf 81' lang='lat' dir='ltr'><strong>ts</strong></span> <span class='ocrx_word' id='word_1_372' title='bbox 642 3896 755 3962; x_wconf 85' lang='lat' dir='ltr'><strong>queraris</strong></span> <span class='ocrx_word' id='word_1_373' title='bbox 769 3897 822 3963; x_wconf 70' lang='grc'><strong>135</strong></span> <span class='ocrx_word' id='word_1_374' title='bbox 843 3894 968 3948; x_wconf 87' lang='lat' dir='ltr'><strong>ducentos</strong></span> <span class='ocrx_word' id='word_1_375' title='bbox 988 3894 1052 3946; x_wconf 74' lang='lat' dir='ltr'><strong>libri</strong></span> <span class='ocrx_word' id='word_1_376' title='bbox 1062 3900 1173 3960; x_wconf 79' lang='lat' dir='ltr'><strong>praeter</strong></span> 
     </span>
    </p>

    <p class='ocr_par' dir='ltr' id='par_1_19' title="bbox 125 3979 363 4016">
     <span class='ocr_line' id='line_1_44' title="bbox 125 3979 363 4016; baseline 0.008 -2"><span class='ocrx_word' id='word_1_377' title='bbox 125 3981 142 4014; x_wconf 84' lang='lat' dir='ltr'><strong>a</strong></span> <span class='ocrx_word' id='word_1_378' title='bbox 155 3981 220 4016; x_wconf 75' lang='lat' dir='ltr'><strong>arno</strong></span> <span class='ocrx_word' id='word_1_379' title='bbox 240 3979 363 4016; x_wconf 66' lang='lat' dir='ltr'><strong>aream</strong></span> 
     </span>
    </p>
   </div>
   <div class='ocr_carea' id='block_1_4' title="bbox 0 0 1394 4480">
    <p class='ocr_par' dir='ltr' id='par_1_20' title="bbox 0 0 1394 4480">
     <span class='ocr_line' id='line_1_45' title="bbox 0 0 1394 4480; baseline 0 0"><span class='ocrx_word' id='word_1_380' title='bbox 0 0 1394 4480; x_wconf 95' lang='lat' dir='ltr'><strong> </strong></span> 
     </span>
    </p>
   </div>
  </div>
 </body>
</html>
