2772 4476
558 181 698 238 sarman
736 259 737 264 Ν
1122 183 1163 246 ta

46 364 75 414 11
89 355 235 429 euissent,
250 353 377 418 ducente
391 373 448 434 per
467 355 617 435 porticum
632 355 738 418 Gitone
754 357 790 418 ad
804 356 921 420 ianuam
943 358 1092 434 vannius,
1113 358 1165 422 ubi

88 440 175 504 canis
189 439 357 502 catenarius
373 448 454 502 tanto
471 459 525 503 nos
540 441 670 502 tumultu
685 442 815 522 excepit,
837 450 870 503 ut
884 442 1017 522 Ascyltos
1032 444 1119 508 etiam
1132 445 1164 508 in

87 525 238 607 piscinam
248 524 394 588 ceciderit.
422 543 551 588 necnon
565 545 620 606 ego
633 545 751 606 queque
767 525 877 602 ebrius,
893 528 943 606 qui
955 528 1165 609 etiampietum

88 611 248 674 timueram
270 629 389 684 canem,
411 610 482 674 dum
497 612 610 673 natanti
625 630 713 691 opem
728 613 808 686 iero,
830 612 860 676 iu
876 614 1004 676 eundem
1018 614 1166 692 gurgitem

51 708 67 758 a
90 704 204 758 nactus
224 715 300 758 sum.
336 696 458 758 servavit
481 715 536 758 nos
561 706 660 762 tamen
681 697 825 772 atriensis,
848 697 899 776 qui
920 697 1089 760 interventu
1111 718 1164 762 suo

89 789 120 843 et
141 798 246 842 canem
267 780 392 860 placavit
413 789 442 843 et
466 800 520 844 nos
541 790 702 844 trementes
723 782 847 846 enuaxit
867 783 898 846 in
920 783 1041 844 siccum
1071 792 1101 848 et
1115 785 1165 852 Gi-

89 875 143 928 ton
160 865 280 945 quidem
296 866 480 928 iamdudum
502 885 534 930 se
555 868 670 930 ratione
686 867 852 931 acutissima
866 867 1032 930 redemerat
1046 887 1061 930 a
1077 888 1165 947 cane;

91 950 233 1030 quicquid
250 951 330 1012 enim
344 970 360 1012 a
376 950 464 1015 nobis
478 961 633 1032 acceperat
641 952 683 1014 'de
698 970 782 1027 cena,
797 952 915 1014 latranti
931 962 1094 1034 sparserat,
1111 951 1163 1038 [at]

90 1036 141 1098 ille
156 1044 293 1097 avocatus
307 1036 374 1098 cibo
396 1037 527 1100 furorem
548 1045 763 1118 suppresserat.
801 1046 934 1100 ceterum
948 1057 1017 1100 eum
1032 1039 1164 1118 algentes

36 1132 65 1182 to
90 1121 195 1200 utique
216 1121 392 1201 petissemus
412 1123 449 1183 ab
469 1122 613 1196 atriense,
635 1132 669 1185 ut
690 1142 745 1185 nos
766 1132 847 1186 extra
868 1123 987 1186 ianuam
1009 1125 1164 1201 emitteret,
1277 1191 1279 1198 ,

90 1206 192 1268 ‘erras'
214 1207 312 1286 inquit
333 1207 367 1270 ‘si
388 1216 475 1288 putas
497 1216 526 1268 te
549 1208 628 1269 exire
650 1209 705 1270 hac
725 1227 827 1288 posse,
850 1227 907 1288 qua
929 1209 1045 1270 venisti.
1075 1228 1162 1272 nemo

89 1310 223 1370 unquam
239 1292 429 1356 convivarum
448 1309 504 1372 per
525 1293 648 1356 eandem
670 1295 788 1356 ianuam
812 1293 936 1356 emissus
956 1301 1002 1356 est
1009 1313 1018 1371 ;
1041 1294 1096 1356 alia
1116 1295 1163 1364 in-

89 1385 186 1452 hant,
210 1376 265 1438 alia
288 1378 416 1440 exeunt'.
454 1377 525 1457 quid
545 1378 685 1444 faciamus
705 1379 840 1440 homiues
860 1378 1017 1444 miserrimi
1043 1387 1073 1440 et
1094 1380 1163 1444 novi
1182 1378 1224 1440 73

88 1462 209 1542 generis
229 1461 397 1542 labyrintho
423 1462 546 1536 inclusi,
573 1464 682 1542 quibus
707 1464 795 1525 lavari
816 1464 873 1525 iam
900 1472 1038 1544 coeperat
1062 1473 1163 1530 votum

39 1555 66 1606 tt
89 1545 178 1629 esse?
193 1547 272 1608 ultro
287 1565 359 1627 ergo
377 1548 564 1626 rogavimus,
588 1557 620 1609 ut
639 1567 695 1610 nos
715 1548 752 1608 ad
773 1547 912 1610 balneum
934 1549 1069 1623 duceret,
1092 1569 1163 1630 pro·

89 1632 234 1710 lectisque
250 1632 439 1707 vestimentis,
452 1651 527 1711 quae
540 1633 628 1694 Giton
644 1633 675 1694 in
692 1633 772 1694 aditu
782 1633 893 1696 siccare
905 1631 1012 1712 coepit,
1024 1632 1163 1698 balneum

90 1717 280 1791 intravimus,
302 1727 462 1797 angustum
477 1718 588 1780 seihcet
610 1725 639 1780 et
660 1717 806 1780 cisternae
819 1717 986 1798 frigidariae
1000 1718 1109 1794 simile,
1131 1720 1162 1782 in

90 1821 149 1881 quo
162 1802 341 1864 Trimalchio
351 1812 450 1866 rectus
461 1803 562 1866 stabat.
592 1821 625 1864 ac
637 1822 676 1864 ne
687 1802 730 1864 sic
744 1801 863 1881 quidem
874 1803 1085 1882 putidissimam
1100 1803 1163 1868 eius

89 1887 280 1951 iactationem
293 1887 377 1949 licuit
392 1889 538 1968 effugere3
555 1906 624 1950 nam
639 1888 711 1949 nihil
726 1888 832 1950 melius
847 1905 911 1950 esse
925 1887 1057 1963 dicebat,
1073 1906 1162 1967 quarn

39 1983 67 2034 tt
89 1971 155 2035 sine
180 1972 267 2034 turba
292 1973 396 2049 lavari,
421 1981 450 2034 et
474 1992 509 2036 eo
533 1973 599 2054 ipso
620 1974 686 2034 loco
707 1973 863 2052 aliquando
882 1972 1042 2051 pistrinum
1062 1973 1161 2038 fuisse.

90 2058 197 2121 deinde
210 2067 245 2120 ut
264 2059 388 2120 lassatus
402 2058 551 2131 consedit,
575 2059 713 2122 invitatus
733 2057 830 2120 balnei
851 2077 926 2120 sono
941 2057 1054 2120 ddunit
1067 2077 1161 2137 usque

90 2143 127 2204 ad
141 2161 285 2206 cameram
303 2164 336 2206 os
351 2144 467 2206 ebrium
483 2151 512 2205 et
526 2144 625 2223 coepit
634 2143 810 2207 Menecratis
822 2142 935 2206 cantica
949 2143 1089 2218 lacerare,
1103 2143 1161 2206 sic-

91 2236 124 2290 ut
138 2228 179 2290 illi
194 2229 341 2304 dicebant,
366 2228 416 2308 qui
431 2230 563 2308 liugnam
584 2229 647 2291 eius
662 2227 881 2307 intellegebant.
918 2227 1009 2290 ceteri
1024 2228 1162 2292 convivae

91 2312 167 2376 circa
184 2313 301 2376 labrum
315 2313 452 2376 manibus
467 2313 550 2376 nexis
565 2313 725 2375 currebant
745 2321 775 2376 et
793 2311 957 2391 gingilipho
973 2311 1087 2391 ingenti
1102 2313 1162 2374 ola·

41 2409 68 2460 25
90 2417 171 2462 move
186 2398 343 2462 sonabant.
374 2398 422 2460 alii
437 2406 535 2460 autem
551 2393 625 2482 [aut]
641 2398 783 2460 restrictis
794 2396 931 2460 manibus
941 2396 1045 2458 anulos
1060 2397 1096 2458 de
1109 2415 1162 2477 pa·

89 2485 219 2548 vimento
241 2485 428 2546 conabantur
447 2482 551 2546 tollere
572 2493 622 2546 aut
646 2483 741 2562 posito
761 2499 840 2560 genu
856 2481 985 2544 cervices
998 2489 1067 2560 post
1079 2489 1162 2560 terga

67 2593 74 2598 ·
90 2569 210 2632 flectere
225 2578 255 2632 et
269 2569 378 2650 pedum
393 2578 541 2632 extremos
562 2568 683 2648 pollices
704 2576 835 2646 tangere.
871 2586 936 2640 nos,
958 2567 1029 2630 dum
1043 2565 1091 2630 alii
1106 2566 1162 2630 sibi

91 2655 176 2718 ludos
184 2655 314 2731 iaciunt,
330 2656 361 2718 in
373 2654 489 2729 solium,
505 2653 585 2733 quod
596 2653 807 2718 Trimalchioni
817 2651 1022 2733 vaporabatur,
1037 2651 1161 2714 deseen-

90 2739 195 2802 dintus.

38 2835 68 2885 et
175 2842 245 2903 ergo
262 2825 403 2887 ebrietate
425 2825 555 2888 discussa
574 2824 607 2886 in
630 2823 707 2884 aliud
728 2822 889 2886 triclinium
910 2821 1028 2884 deducti
1049 2839 1159 2898 sumus,

90 2908 142 2970 ubi
157 2909 319 2972 Fortunata
340 2911 526 2990 disposuerat
547 2909 673 2971 lautitias
687 2905 779 2992 [suas]
800 2908 838 2970 ita
860 2917 893 2970 ut
913 2925 1002 2988 supra
1022 2907 1161 2970 lucernas

242 2996 440 3074 aeneolosque
465 2994 625 3074 piscatores
651 2993 814 3056 notaverim
834 3001 864 3054 et
884 3010 1000 3056 mensas
1022 2999 1098 3054 totas
1113 3009 1161 3052 ar·

89 3087 211 3160 genteas
226 3079 390 3159 calicesque
405 3081 484 3142 circa
503 3079 608 3142 fictiles
625 3079 775 3140 inauratos
791 3086 821 3139 et
834 3077 936 3140 vinum
951 3077 981 3138 in
998 3083 1161 3156 conspectu

89 3184 175 3228 sacco
201 3165 344 3230 defluens,
384 3174 448 3228 tum
474 3163 650 3226 Trimalchio
681 3163 784 3226 ‘amici’
810 3162 908 3241 iuquit
936 3160 1033 3222 ‘hodie
1058 3179 1161 3224 servus

40 3259 68 3310 at
87 3269 172 3314 mens
186 3249 383 3312 barbatoriam
397 3249 481 3326 iecit,
503 3250 592 3312 homo
606 3248 774 3330 praefiscini
790 3246 867 3325 irugi
886 3254 916 3308 et
929 3245 1076 3310 micarius.
1105 3245 1160 3308 ita-

89 3353 149 3416 que
171 3341 364 3411 tengomenas
383 3335 524 3398 iaciamus
544 3344 574 3398 et
599 3353 692 3413 usque
715 3334 746 3396 iu
772 3333 869 3396 lucem
890 3331 1050 3396 cenemus’.
1086 3331 1220 3395 haec-74
1331 3354 1337 3368 ·

89 3421 210 3483 dicente
232 3436 268 3479 eo
289 3416 382 3496 gallus
402 3420 579 3498 gallinaceus
600 3419 736 3482 cantavit.
772 3435 831 3497 qua
845 3435 916 3478 voce
937 3418 1079 3482 contusus
1093 3415 1159 3478 Tri·

90 3503 217 3568 malchio
229 3502 331 3563 vinum
346 3503 400 3564 sub
415 3521 516 3565 mensa
528 3505 611 3568 iussit
625 3504 737 3569 effundi
751 3503 963 3582 lucernamque
977 3502 1063 3566 etiam
1077 3520 1160 3564 mero

176 3675 190 3722 3
210 3670 305 3734 ebrius]
319 3673 445 3736 aspectae
457 3669 580 3799 territussll
596 3672 626 3723 10
634 3674 703 3736 puto
714 3670 809 3740 udique
822 3669 832 3750 l
847 3673 875 3723 tt
895 3669 921 3722 in
933 3683 991 3738 qua.
1011 3670 1069 3719 rivae
1081 3668 1161 3720 dubio

91 3743 154 3792 lwee
166 3741 338 3792 Petronianis
353 3739 478 3789 breviora
491 3733 501 3805 l
515 3739 545 3791 18
572 3743 671 3790 ortam
683 3737 741 3790 istic
755 3740 760 3802 Ι
776 3737 961 3804 putidissimam
978 3735 1002 3788 ei
1015 3735 1162 3806 actioneml

91 3811 123 3860 24
141 3808 234 3874 singuli
254 3807 350 3875 sophos
368 3805 517 3872 Haimiml
534 3807 566 3858 25
587 3805 731 3856 exouabant
744 3805 754 3869 l
765 3807 796 3858 27
815 3805 888 3857 malo
905 3803 943 3856 illi
957 3803 967 3870 l
983 3805 1017 3857 38
1034 3804 1060 3856 in
1079 3804 1135 3856 scio
1155 3812 1159 3866 t

91 3880 244 3943 pervapatur
264 3877 311 3928 ced
332 3879 362 3926 in
379 3876 504 3940 margine
528 3873 561 3926 nl.
580 3872 716 3940 parabatur
732 3871 742 3938 ΙΙ
761 3875 791 3926 31
811 3888 870 3926 suns
893 3875 922 3924 iu
945 3872 1035 3924 codice
1054 3873 1163 3924 uidetur

92 3949 253 4012 expunctum
265 3944 275 4012 l
288 3948 321 3998 35
339 3943 498 3996 babatoriam
511 3939 521 4012 l
533 3945 566 3996 36
585 3947 664 4008 tango
682 3955 769 3994 menas

141 4037 243 4082 Petronii
256 4037 337 4080 utine
351 4036 385 4079 ed.
398 4034 431 4078 111
940 4029 957 4079 4
