2780 4480
684 183 831 240 stantun

722 355 786 418 Llll

323 460 401 533 Quid
416 463 523 522 frustra
539 460 682 540 quereris,
700 459 815 533 colone,
831 477 958 532 mecum,

323 546 403 625 quod
418 544 568 626 quondam
584 544 661 606 bene
676 545 829 607 fructuosa
845 545 940 607 malus

323 631 472 694 autumnis
487 629 593 692 sterilis
609 629 724 692 duobus
740 627 876 692 alstemi

324 736 386 778 nou
400 735 448 778 me
464 723 642 796 praegravat,
658 724 690 778 ut
705 722 802 795 putas,
819 723 965 791 senectus

265 811 280 861 5
324 820 379 864 nee
394 819 459 864 sum
475 800 620 880 grandine
636 800 785 861 verberata
800 799 882 876 dura,

324 905 380 949 nec
395 905 526 967 gemmas
540 883 629 947 mbdo
644 885 777 965 germine
793 893 935 948 exeuntes

323 971 382 1033 seri
397 972 516 1050 lrigoris
530 970 668 1033 ustulavit
682 989 762 1044 aura,

323 1074 380 1118 nec
393 1057 474 1118 venti
488 1056 638 1136 pluviasve
653 1055 812 1130 siccitasve,

324 1141 403 1221 quod
418 1141 454 1202 de
469 1159 500 1203 se
516 1158 668 1220 quererer,
683 1140 793 1201 malum
808 1136 969 1217 dederunt;

248 1234 276 1286 10
319 1245 380 1286 non
396 1234 518 1288 sturnus
534 1225 605 1287 mibi
619 1225 811 1306 gracculusve
827 1232 929 1304 raptor

324 1319 375 1372 aut
389 1311 493 1372 cornix
508 1329 583 1372 anus
598 1319 649 1371 aut
663 1328 792 1389 aquosus
806 1327 895 1372 anser

325 1403 375 1457 aut
390 1413 496 1458 corvus
510 1396 614 1457 nocuit
629 1395 815 1457 siticulosus:

324 1480 376 1544 sed
391 1482 471 1561 quod
487 1481 617 1543 carmina
632 1480 752 1560 pessimi
767 1487 871 1560 poetae
954 1553 958 1560 ι

325 1566 413 1628 ramls
428 1567 560 1630 sustineo
575 1565 740 1628 laboriosis.

84 1217 97 1250 γ
127 1221 135 1238 Ι

669 1751 671 1756 s
713 1715 791 1778 LXll

326 1819 431 1882 Securi
445 1821 581 1894 dormite,
597 1836 698 1880 canesz
715 1817 860 1880 custodiet
873 1817 993 1880 hortum

372 1923 439 1966 cum
454 1903 510 1966 sibi
526 1904 631 1965 dilecta
647 1901 742 1964 Sirius
758 1903 898 1996 Erigone.
937 1989 939 1994 Ι

708 2051 799 2116 LXlll

325 2157 433 2221 Parum
450 2166 494 2220 est
508 2156 588 2232 mihi,
605 2157 684 2236 quod
699 2156 747 2218 hic
763 2157 812 2218 fixi
827 2156 926 2218 sedem

326 2252 432 2324 agente
448 2252 528 2305 terra
542 2261 596 2324 per
611 2242 775 2303 caniculam
791 2242 880 2304 rimas

325 2328 504 2392 siticulosum
520 2329 702 2414 sustinemus
716 2325 878 2390 aestatem?

324 2433 439 2494 parum,
455 2414 535 2494 quod
549 2413 654 2476 hiemis
668 2414 821 2493 pcrlluunt
835 2413 919 2474 sinus
933 2410 1041 2474 imbres

326 2501 401 2562 etin
417 2500 538 2580 capillos
552 2498 713 2578 grandines
728 2498 838 2559 cadunt
853 2505 972 2560 nostros

326 2585 461 2663 rigetque
476 2585 550 2646 dura
566 2582 656 2643 barba
672 2584 768 2644 vincta
783 2579 945 2662 crystallo?

325 2686 438 2750 parum,
455 2667 534 2746 quod
550 2675 614 2728 acta
629 2665 684 2728 sub
700 2665 851 2727 laboribus
866 2665 932 2726 luce

324 2771 426 2834 parem
443 2752 546 2815 diebus
562 2750 684 2832 pervigil
699 2749 784 2812 traho
802 2749 943 2812 noctem?

325 2838 383 2899 huc
399 2839 480 2908 adde,
498 2836 574 2918 quod
590 2855 638 2898 me
653 2835 816 2897 terribilem
831 2837 907 2898 lusto

325 2941 430 2987 manus
446 2924 510 2986 sine
525 2930 587 2984 arte
603 2922 730 2984 rusticae
745 2921 928 2997 dolaverunt,

325 3009 462 3090 interque
478 3018 603 3071 cunctos
618 3008 754 3070 ultimum
769 3007 841 3070 deos
857 3026 968 3068 numen

325 3095 546 3158 cucurbitarum
562 3095 678 3173 ligneus
692 3113 783 3156 vocor
797 3102 907 3155 custos.

326 3180 439 3242 accedit
454 3180 517 3242 istis
532 3179 732 3259 impudentiae
748 3179 876 3255 signum,

326 3264 483 3326 libidinoso
499 3272 580 3325 tenta
596 3263 725 3343 pyramis
741 3279 841 3322 nervo.

255 3355 283 3407 15
327 3349 362 3410 ad
377 3349 454 3410 hanc
469 3348 567 3429 puella
584 3365 733 3427 -paene
750 3333 858 3407 nomen
875 3346 968 3408 adieci
982 3381 1021 3392 -

326 3433 401 3495 solet
414 3434 516 3494 venire
532 3450 600 3495 cum
614 3451 668 3494 suo
684 3432 824 3503 solutore,
894 3473 896 3480 -

327 3535 402 3597 quae
418 3525 462 3578 tot
477 3519 594 3596 ligurus,
611 3525 683 3594 quot
698 3515 846 3578 Philaenis
861 3523 989 3591 enarrat,

327 3621 389 3664 nou
405 3601 533 3663 inventis
547 3601 682 3682 pruriosa
696 3599 828 3662 discedit.

306 3753 406 3808 Lllllll
425 3753 606 3806 restituendus
623 3768 715 3804 veruca
733 3751 770 3803 ad
784 3751 856 3810 banc
872 3750 980 3802 modum
998 3748 1060 3800 mibi
1079 3748 1148 3816 quod
1161 3748 1203 3804 bic
1215 3747 1294 3800 semel

216 3821 313 3938 ¹pedem
330 3821 389 3874 lixi:
408 3823 477 3890 quod
494 3822 536 3875 hic
553 3825 582 3873 ut
598 3820 702 3874 fiximus
721 3819 801 3873 semel
819 3817 906 3872 sedem
920 3817 1109 3868 Lachmarmae
1123 3817 1128 3884 Ι
1143 3819 1159 3868 4
1177 3815 1222 3870 imi
1239 3831 1294 3884 per·

243 3894 304 3939 uunt
317 3893 367 3938 aut
377 3889 537 3953 superfluunt
552 3889 556 3955 Ι
572 3891 588 3941 6
605 3888 668 3938 duro
682 3887 807 3938 Heinsius
820 3882 825 3951 1
841 3885 936 3935 9'luste
950 3883 980 3934 de
992 3882 1048 3934 rudi
1061 3882 1139 3936 vilem
1152 3883 1274 3950 Scaliger
1287 3882 1291 3952 Ι

224 3957 253 4008 lb
273 3953 304 4006 ad
322 3955 386 4005 haec
404 3954 488 4004 codex
505 3953 594 4018 euml
612 3957 642 4004 17
661 3967 713 4018 quo
731 3952 856 4022 Heinsius
870 3949 875 4014 Ι
890 3947 978 4012 liguris
992 3949 1106 4013 plures!
1132 3953 1160 4003 ts
1182 3965 1235 4003 nou
1252 3949 1294 4003 rd-

444 4168 881 4428 f
