2768 4480
184 831 262 904 Quid
276 844 375 894 actum
389 833 472 895 sitin
488 831 570 894 caelo
592 840 661 894 ante
682 831 759 894 diem
780 832 830 893 lll.
845 832 912 894 idus
927 832 1066 896 Octobris
1088 853 1168 899 anno
1193 859 1207 920 1
1265 903 1269 910 ,

95 937 186 993 novo,
199 917 285 980 initio
300 918 409 980 saeculi
425 917 598 993 felicissimi,
612 917 679 979 volo
694 917 853 979 memoriae
868 918 993 980 tradere.
1024 919 1098 981 nihil
1113 939 1169 982 nec

96 1005 229 1066 offensae
244 1020 301 1065 nec
316 1003 426 1084 gratiae
440 1003 567 1064 dabitur.
597 1003 670 1064 haec
690 1003 731 1064 ita
751 1019 828 1064 vcra.
858 1002 884 1064 si
904 1003 971 1082 quis
993 1006 1170 1083 quaesiverit
1248 1055 1250 1059 ,

95 1089 179 1152 unde
190 1089 289 1164 sciam,
304 1089 444 1169 primum,
456 1089 481 1150 si
492 1089 629 1163 noluero,
641 1107 703 1150 non
715 1087 913 1169 respondebo.
936 1089 1003 1168 quis
1013 1099 1171 1154 coacturus

56 1192 72 1240 5
96 1173 164 1240 est?
179 1193 235 1254 ego
250 1174 311 1236 seio
326 1192 374 1234 me
389 1172 517 1250 liberum
532 1174 651 1249 factum,
669 1193 705 1235 cx
727 1191 788 1252 quo
810 1192 898 1236 suum
920 1173 998 1236 diem
1019 1175 1092 1237 obiit
1111 1176 1169 1252 ille,

97 1262 151 1341 qui
162 1278 263 1321 verum
278 1259 470 1339 proverbium
485 1259 604 1334 fecerat,
620 1268 671 1320 aut
683 1276 787 1337 regem
799 1268 850 1320 aut
860 1260 974 1320 fatuum
986 1261 1068 1323 nasci
1079 1280 1169 1341 opor·

96 1355 171 1407 tere.
200 1346 225 1408 si
238 1343 359 1407 libuerit
372 1343 565 1424 respondere,
581 1344 676 1406 dicam
686 1343 767 1424 quod
777 1343 848 1404 mihi
861 1344 893 1404 in
909 1343 1033 1406 buccam
1046 1347 1169 1408 venerit.

98 1431 166 1510 quis
191 1448 322 1510 unquam
345 1429 381 1492 ab
403 1428 544 1492 historico
565 1429 711 1490 iuratores
737 1427 855 1508 exegit?
881 1437 979 1490 tamen
1002 1431 1026 1491 si
1048 1449 1170 1493 necesse

97 1517 188 1579 fuerit
199 1522 352 1577 auctorem
364 1514 544 1594 producere,
561 1513 695 1592 quaerito
707 1513 743 1574 ab
759 1531 794 1574 eo
811 1513 862 1592 qui
877 1513 1033 1575 Drusillam
1049 1523 1170 1577 euntem
1241 1521 1242 1524 ’

45 1616 74 1666 10
99 1603 130 1666 in
147 1602 262 1664 caelum
276 1600 360 1661 vidit:
384 1600 462 1661 idem
478 1597 632 1660 Claudium
653 1597 758 1660 vidisse
780 1617 812 1660 se
836 1598 914 1658 dicet
935 1598 992 1659 iter
1014 1599 1170 1662 facientem

100 1695 173 1750 ‘non
189 1684 326 1766 passibus
341 1684 462 1764 aequis'.
492 1683 560 1744 velit
576 1682 665 1759 nolit,
688 1683 809 1745 necesse
832 1690 876 1744 est
891 1682 932 1744 illi
947 1684 1047 1745 omnia
1061 1684 1169 1761 videre,

99 1790 177 1853 quae
198 1772 229 1834 in
252 1769 333 1831 caelo
355 1778 498 1848 aguntur:
522 1769 633 1849 Appiae
647 1768 709 1831 viae
732 1775 851 1829 curator
866 1775 920 1844 est,
936 1786 994 1848 qua
1010 1769 1068 1831 scis
1083 1779 1112 1830 et
1126 1770 1170 1832 di-

98 1875 168 1920 vum
183 1859 349 1936 Augustum
364 1863 394 1917 et
408 1853 560 1916 Tiberium
577 1853 729 1916 Caesarem
748 1854 784 1915 ad
806 1852 877 1914 deos
892 1853 959 1915 isse.
989 1855 1069 1917 bunc
1085 1856 1109 1917 si
1124 1855 1171 1917 in-

99 1941 304 2023 terrogaveris,
321 1939 375 2002 soli
392 1938 538 2002 narrabit:
554 1957 654 2000 coram
669 1938 805 2018 pluribus
820 1957 973 2018 nunquam
989 1939 1112 2001 verbum
1127 1941 1171 2001 fa·

47 2040 76 2091 15
98 2030 166 2091 ciet.
198 2045 266 2096 nam
289 2043 325 2086 ex
347 2043 406 2104 quo
429 2025 460 2085 in
476 2033 581 2088 senatu
596 2024 702 2086 iuravit
716 2043 748 2085 sc
763 2024 921 2086 Drusillam
935 2024 1042 2087 vidisse
1057 2026 1171 2088 caelum

100 2111 312 2177 ascendentem
334 2118 364 2171 et
384 2110 426 2171 illi
448 2129 504 2191 pro
528 2118 587 2173 tam
601 2111 683 2171 bono
698 2110 805 2172 nuntio
821 2128 909 2171 nemo
925 2110 1064 2186 credidit,
1079 2106 1172 2195 [quod

97 2193 216 2280 viderit]
237 2194 335 2258 verbis
358 2195 511 2275 conceptis
532 2193 687 2256 affirmavit
708 2213 740 2255 se
762 2213 823 2255 non
847 2194 1062 2271 indicaturum,
1085 2196 1172 2256 etiarn

98 2286 123 2348 si
146 2284 184 2346 in'
200 2281 297 2344 medio
320 2281 385 2342 foro
407 2279 559 2364 bominem
580 2279 712 2342 occisum
732 2278 859 2340 vidisset.
889 2277 926 2338 ab
949 2279 1006 2341 hoc
1025 2298 1080 2359 ego
1096 2298 1171 2360 quae

97 2379 162 2431 tum
174 2366 280 2439 audivi,
297 2374 377 2426 certa
388 2366 466 2427 clara
476 2365 579 2438 affero,
594 2364 634 2426 ita
645 2363 727 2425 illum
740 2363 851 2424 salvum
864 2371 893 2424 et
906 2363 1024 2426 felicem
1038 2364 1170 2427 babeam.

44 2467 73 2518 20
249 2451 308 2512 iam
323 2450 461 2512 Phoebus
475 2449 611 2511 breviore
625 2449 671 2510 via
687 2456 876 2510 contraxerat
891 2449 996 2509 orbem
1195 2467 1214 2528 2
1308 2469 1312 2484 ·

250 2535 325 2598 lncis
339 2544 370 2596 et
383 2534 505 2598 obscuri
517 2535 693 2598 crescebant
707 2542 840 2614 tempora
855 2535 961 2608 somni,

249 2621 367 2701 iamque
382 2639 470 2684 suum
482 2621 587 2682 victrix
601 2619 728 2698 augebat
742 2619 866 2700 Cynthia
879 2637 1007 2698 regnum

250 2715 279 2770 et
293 2706 434 2770 deformis
447 2706 563 2787 hiemps
578 2714 678 2787 gratos
693 2704 833 2786 carpebat
846 2705 978 2767 honores

250 2793 346 2856 divitis
361 2793 496 2854 autumni
510 2792 652 2870 iussoque
665 2808 822 2854 senescere
838 2790 953 2852 Baccho

44 2891 74 2942 ut
250 2879 392 2959 carpebat
405 2895 487 2938 raras
501 2894 585 2938 serus
599 2875 777 2937 vindemitor
792 2893 871 2936 uvas.

96 2971 171 3045 puto
192 2964 284 3042 magis
306 2961 453 3040 intellegi,
476 2961 500 3023 si
522 2961 642 3022 mucro:
664 2959 774 3021 mensis
796 2970 858 3020 erat
874 2957 1020 3030 October,
1042 2958 1104 3019 dies
1119 2956 1171 3018 lll.

97 3050 164 3111 idus
178 3048 326 3110 Octobris.
360 3049 466 3109 horam
488 3064 551 3107 non
572 3063 695 3126 possum
716 3051 827 3106 certam
846 3043 900 3105 tibi
922 3043 1037 3116 dicere,
1057 3041 1172 3103 facilius

96 3139 177 3198 inter
191 3133 385 3216 philosophos
399 3149 487 3212 quam
502 3131 582 3193 inter
602 3130 754 3209 horologia
776 3127 949 3190 conveniet:
972 3135 1071 3188 tamen
1093 3127 1173 3188 inter

97 3229 210 3286 sexum
231 3229 261 3281 et
282 3219 437 3299 septimam
460 3225 532 3278 erat.
568 3215 667 3278 ‘nimis
687 3213 807 3276 rustice’
829 3213 947 3292 inquies
968 3215 1047 3273 ‘cnm
1067 3229 1172 3274 omnes

46 3315 74 3367 td
96 3315 213 3390 poetae,
228 3323 289 3366 non
305 3303 441 3366 contenti
456 3309 539 3364 crtus
553 3309 584 3362 ct
598 3319 721 3363 occasus
736 3298 918 3374 describere,
935 3292 991 3443 ppt]
1007 3297 1094 3358 etiam
1109 3315 1172 3358 me·

99 3393 180 3454 dium
196 3391 274 3450 diem
289 3389 467 3467 inquietent,
481 3396 514 3448 tu
528 3386 571 3449 sic
585 3384 727 3448 transibis
741 3385 844 3445 boram
860 3392 920 3445 tam
956 3380 1076 3445 onaml'

98 3505 303 3526 -··-··-·r·

187 3570 343 3635 Scripturas
354 3572 450 3636 quibus
461 3571 533 3622 nibil
547 3570 706 3622 adnotatum
719 3574 758 3620 ert
774 3569 844 3635 elegi
861 3586 875 3620 e
892 3569 983 3620 codiee
996 3565 1175 3632 Sangallenai,

99 3645 132 3696 de
144 3656 196 3709 quo
206 3639 286 3706 plene
297 3640 412 3690 relatum
423 3641 503 3689 estin
514 3637 642 3706 symbolis
652 3638 852 3704 plo'lelegorum
864 3637 1046 3690 Hennensium
1056 3650 1083 3701 p.
1095 3633 1128 3685 41
1139 3649 1174 3685 aa.

185 3705 268 3775 dqui
291 3705 332 3760 bis
355 3721 444 3758 verum
468 3705 644 3758 Mommsenus
666 3705 676 3774 ΙΙ
700 3708 732 3760 16
756 3704 878 3774 quicquid
902 3703 996 3756 viderit
1017 3703 1175 3753 Paschasius

98 3780 248 3833 Radbertus
265 3775 311 3843 (ef.
329 3775 442 3860 flumas
459 3775 482 3854 6Ι
489 3790 519 3840 p.
538 3771 666 3892 mlffl
684 3772 790 3857 ortpmll
807 3775 839 3827 tc
858 3772 974 3853 rapiebat
991 3773 1048 3837 ipae
1065 3772 1174 3836 eonteee',
1223 3774 1225 3778 ’

19 3899 22 3904 ,
101 3847 221 3916 turpabat
237 3845 372 3914 Haupteue
383 3843 393 3912 ΙΙ
407 3845 440 3896 24
457 3856 565 3909 visoque
584 3858 597 3891 e
616 3847 668 3894 eteo
682 3839 831 3911 preueepell
845 3843 878 3895 tt
895 3839 1033 3907 intelleges
1053 3837 1121 3892 Η.
1132 3839 1175 3892 W.

99 3916 243 3970 Muellereu
255 3913 265 3982 ΙΙ
278 3917 310 3968 29
328 3912 423 3968 rustice
438 3910 611 3988 adquiescunt
628 3926 718 3964 omnes

969 3994 1020 4048 lb*
