2772 4476
550 199 692 254 SthRAE
961 227 966 238 ·
1114 199 1152 262 27

42 377 69 426 11
81 380 128 434 est
140 372 265 450 ingens,
286 379 316 434 et
329 389 401 434 eece
415 390 504 434 canes
519 373 658 434 Laconici
678 373 767 436 etiam
787 375 866 436 cirea
887 393 1020 438 mensam
1039 375 1154 438 dheor-

81 476 150 518 rere
166 465 339 537 coeperunt.
369 466 504 518 secutum
525 466 570 519 est
589 460 644 520 hus
659 459 884 538 repositorium,
903 461 934 520 in
958 479 1018 540 qao
1040 461 1154 540 positus

81 551 145 603 erat
159 543 274 622 primae
288 542 501 621 magnitudinis
516 561 596 621 aper,
611 545 774 622 etquidem
789 545 932 624 pideatus,
950 545 1066 608 ecuius
1079 547 1153 608 den·
1199 600 1201 609 .

80 627 162 688 tibus
173 628 331 707 sportellae
341 627 550 706 dependebant
563 629 638 690 duae
653 629 790 708 palmulis
803 639 909 704 textae,
925 631 1016 692 altera
1027 632 1154 712 carpetis

44 722 59 770 5
81 713 172 774 altera
187 713 331 776 thebaicis
344 713 467 792 repleta.
503 715 582 774 circa
596 722 694 776 autem
709 715 841 776 minores
862 715 984 794 porcelli
998 733 1035 778 ex
1050 727 1154 797 copto-

81 798 228 879 placentis
242 799 321 872 facti,
337 799 421 876 quasi
435 798 577 860 uberibus
592 799 792 874 imminerent,
807 802 934 862 scrofam
950 819 1013 864 esse
1027 803 1153 882 positam

80 883 298 963 significabant.
328 883 531 962 ethiquidem
540 884 715 963 apophoreti
726 887 858 948 luerunt.
883 896 1014 948 ceterum
1026 888 1061 948 ad
1074 888 1153 948 sein-

80 970 213 1032 dendum
225 987 330 1047 aprum
342 987 403 1030 non
416 969 465 1030 ille
471 969 584 1049 Carpus
595 971 728 1044 accessit,
741 971 791 1050 qui
803 971 892 1032 altilia
902 972 1090 1047 laceraverat,
1099 972 1153 1036 scd

81 1053 225 1116 barbatis
238 1054 361 1134 ingens,
383 1055 479 1116 fasciis
501 1054 666 1116 cruralibus
680 1055 814 1135 alligatus
837 1064 867 1117 et
886 1057 992 1118 alicula
1006 1056 1153 1120 maherm-

31 1145 59 1196 tu
81 1148 131 1201 tus
144 1139 300 1220 polymita,
322 1139 485 1219 strictoque
507 1139 659 1202 venatorio
675 1141 771 1202 cultro
792 1141 868 1203 latus
886 1142 951 1222 apri
964 1143 1154 1204 vehementer

81 1225 238 1305 percussit,
254 1243 291 1286 ex
306 1224 390 1286 cuins
403 1225 488 1304 plaga
504 1225 583 1286 turdi
597 1226 794 1288 avolaverunt
829 1227 923 1306 parati
939 1245 1070 1307 aucupes
1084 1245 1153 1290 cum

80 1309 300 1372 harundinibus
315 1311 437 1371 luerunt
452 1320 482 1371 et
496 1330 547 1373 eos
561 1311 640 1372 circa
653 1312 816 1372 triclinium
831 1313 988 1374 volitantes
1001 1323 1153 1374 momento

80 1404 274 1475 exceperunt.
303 1395 373 1456 inde
387 1413 456 1457 curn
471 1415 559 1458 suum
578 1397 686 1475 mamae
700 1397 832 1460 iussisset
846 1398 950 1458 reterri
966 1397 1152 1474 Trimalchio,

81 1479 205 1541 adiecit:
226 1481 328 1541 ‘etiam
343 1481 453 1555 videto,
475 1499 564 1560 quam
585 1500 694 1561 porcus
716 1482 764 1543 ille
782 1482 928 1544 silvaticus
948 1483 1039 1545 lotam
1053 1502 1152 1546 come*

31 1569 58 1621 ta
80 1565 157 1628 derit
166 1565 325 1644 glandem’.
355 1567 454 1626 statim
465 1567 551 1646 pueri
561 1566 597 1628 ad
609 1566 764 1646 sportellas
776 1576 973 1640 accesserunt,
989 1585 1065 1646 quae
1077 1587 1153 1648 pen-

80 1651 191 1712 debant
213 1650 399 1724 edentibus,
421 1650 629 1730 thebaicasque
649 1660 680 1712 et
696 1662 830 1732 carpetas
852 1653 1063 1714 adnumerum
1080 1653 1153 1714 divi·

80 1753 146 1798 sere
161 1735 349 1798 cenantibus
377 1736 497 1798 interim
512 1755 583 1816 ego,
605 1737 657 1815 qui
672 1737 818 1817 privatum
831 1736 976 1798 habebam
993 1756 1152 1811 secessum,
1229 1779 1230 1784 κ

80 1820 111 1882 in
133 1821 243 1883 multas
263 1821 458 1899 cogitationes
478 1823 622 1886 deductus
643 1840 724 1896 sum,
746 1839 839 1901 quare
861 1841 932 1902 aper
953 1822 1088 1901 pilleatus
1105 1823 1153 1884 in·

79 1915 195 1969 trasset.
235 1917 392 1986 postquam
413 1907 512 1986 itaque
532 1908 628 1969 omnis
648 1907 810 1969 bacalusias
829 1909 1016 1987 consumpsi,
1037 1909 1153 1970 decrevi

30 1996 58 2048 tt
78 1993 265 2070 interrogare
284 1992 367 2052 illum
387 1993 583 2072 interpretem
607 1991 723 2064 meum,
750 1994 829 2072 quod
851 2010 898 2053 me
920 2003 1084 2071 torqueret.
1125 2003 1154 2054 at

79 2077 143 2138 ille:
166 2077 265 2156 ‘plano
285 2078 373 2138 etiarn
394 2079 451 2140 hoc
472 2097 574 2140 servus
600 2087 671 2140 tuus
691 2079 823 2140 indicare
843 2087 957 2157 potest3
986 2097 1048 2140 neu
1071 2079 1152 2140 enim

78 2161 215 2241 aenigma
228 2171 281 2235 est,
297 2163 349 2224 sed
361 2181 409 2225 res
420 2171 529 2242 aperta.
559 2163 607 2224 hic
621 2180 701 2244 aper,
718 2181 786 2226 cum
797 2163 863 2227 heri
872 2181 988 2225 summa
999 2182 1073 2226 cena
1084 2183 1152 2226 eum

77 2247 271 2321 vindicasset,
288 2265 304 2308 a
319 2249 449 2310 conuvh
464 2249 602 2310 dimissus
616 2259 672 2323 ιω
690 2249 790 2326 itaque
805 2249 894 2308 hodio
907 2260 1048 2326 tanquam
1062 2249 1152 2311 liber·

79 2346 127 2395 tus
147 2333 179 2393 in
202 2333 369 2406 convivium
390 2333 565 2394 revertitur'.
599 2333 735 2394 damnavi
756 2351 812 2412 ege
833 2341 988 2411 stuporem
1005 2351 1106 2394 meum
1124 2342 1153 2394 et

8 2422 58 2492 ‚m
79 2418 153 2479 nihil
174 2417 301 2498 amplius
321 2418 516 2498 interrogavi,
542 2436 580 2480 ne
602 2417 717 2478 viderer
736 2435 889 2496 nunquam
910 2418 990 2480 inter
1010 2419 1152 2480 honestos

79 2519 211 2565 cenasse.
512 2549 520 2568 2

164 2589 236 2650 dum
250 2589 323 2650 haec
337 2588 501 2668 loquimur,
518 2607 593 2668 puer
605 2587 773 2669 speciosus,
791 2587 898 2650 nunus
913 2588 1091 2667 hederisque
1104 2607 1152 2650 re·

79 2673 213 2748 munus,
236 2675 324 2736 medo
339 2673 506 2748 Bromium,
524 2675 675 2736 interdum
688 2673 816 2753 Lyaeum
831 2672 1022 2752 Euhiumque
1035 2675 1154 2735 cenfes-

78 2779 139 2835 sus,
156 2759 314 2821 calathisco
329 2777 401 2827 uvas
415 2759 596 2822 circumtulit
616 2767 646 2820 et
666 2767 802 2838 perflata
823 2758 935 2819 demini
949 2759 995 2820 sui
1019 2759 1153 2821 acutissi-

29 2846 60 2898 ³⁰
80 2863 128 2906 ma
143 2863 215 2904 voce
229 2845 367 2906 traduxit.
405 2845 440 2906 ad
464 2863 552 2924 quem
573 2861 681 2905 senum
697 2861 858 2906 conversus
872 2841 1051 2906 Trimalchio
1067 2844 1153 2906 ‘bio-

79 2929 164 3009 nyse’
187 2929 284 3008 inquit
299 2930 390 2991 ‘liber
407 2930 491 2992 esto'.
527 2929 748 3008 puer'detraxit
766 2929 889 3009 pilleum
909 2947 982 3008 apro
1002 2929 1152 3009 capitique

78 3034 135 3076 suo
157 3015 306 3093 imposuit.
342 3025 407 3077 tum
429 3015 607 3076 Trimalchio
631 3031 735 3075 rurstrs
759 3013 879 3074 adiecit:
905 3019 981 3074 ‘non
1007 3014 1153 3092 negabitis

78 3099 143 3160 me’
163 3100 261 3179 inquit
283 3100 408 3162 ‘hahere
430 3101 571 3162 Liberum
592 3098 727 3179 patrem'.
758 3099 938 3161 laudavimus
959 3099 1071 3160 dictum
1085 3098 1152 3160 Tri-

78 3185 253 3246 malchionis
268 3195 298 3246 et
312 3185 547 3248 circumeuntem
562 3201 692 3264 puerum
703 3202 774 3246 sane
789 3182 999 3263 perbasiamus.

27 3272 58 3322 3⁵
166 3269 203 3329 ab
218 3271 275 3330 hec
291 3272 403 3332 lerculo
419 3269 598 3334 Trimalchio
614 3269 650 3330 ad
665 3269 797 3331 lasanum
812 3267 950 3330 surrexit
985 3287 1041 3330 nos
1061 3267 1151 3330 liber-

77 3365 170 3418 tatem
191 3354 256 3413 sine
276 3362 403 3432 tyranno
424 3357 503 3417 nacti
525 3355 677 3434 coepimus
697 3355 822 3415 invitare
836 3353 1025 3415 convivarum
1039 3372 1152 3415 sermo-

79 3461 144 3504 nes.
179 3437 270 3499 Dama
284 3436 383 3518 itaque
397 3441 511 3519 primus
525 3457 594 3502 cum
609 3440 779 3520 pataracina
796 3439 994 3518 poposcisset,
1010 3439 1090 3500 ‘dies’
1105 3438 1152 3500 in-

79 3525 146 3607 quit
160 3522 250 3584 ‘nihil
264 3531 329 3584 cst·
354 3524 424 3586 dum
440 3544 537 3588 versas
552 3535 597 3598 te,
619 3544 679 3586 nox
693 3527 735 3586 ut
772 3524 871 3603 itaque
890 3523 964 3585 nihil
978 3532 1023 3586 est
1038 3522 1152 3595 mohus,
1207 3555 1211 3564 ν

79 3629 170 3690 quam
192 3609 230 3670 de
251 3607 390 3670 cubiculo
411 3619 491 3670 recta
512 3611 542 3672 in
564 3609 726 3672 triclinium
747 3610 800 3670 ire.
840 3618 870 3670 et
890 3610 1035 3670 mundum
1058 3607 1153 3687 frigus

28 3699 58 3749 40
78 3696 247 3758 habuimus.
277 3693 324 3755 vix
338 3713 387 3755 me
401 3693 525 3755 balneus
540 3694 663 3754 calfecit.
692 3705 792 3756 tamen
807 3693 890 3755 calda
903 3693 986 3773 potio
1000 3691 1153 3754 vestiarius

80 3833 280 3842 ...-.---·---

168 3900 199 3950 14
221 3898 302 3949 totam
318 3895 328 3962 Ι
347 3899 378 3948 ta
401 3894 519 3955 fortasse
542 3892 685 3946 baucalesis
700 3894 705 3960 Ι
720 3893 809 3946 duravi
825 3891 836 3958 ll
856 3895 889 3948 20
907 3892 968 3961 quid
984 3890 994 3962 ll
1013 3897 1044 3947 22
1063 3909 1153 3947 cenam

79 3965 237 4019 vindicasset
253 3963 263 4032 ll
281 3967 314 4018 et
331 3964 519 4018 circumeuntes
534 3961 544 4027 ΙΙ
562 3965 595 4015 ³7
614 3961 707 4014 elamat
724 3962 811 4030 itaque
