2772 4476
548 189 689 243 satanan
1111 189 1152 250 45

36 373 63 421 Η
75 372 211 442 tergens,
227 362 306 440 quod
321 361 350 422 in
367 362 445 423 collo
460 363 595 437 habehat,
611 364 738 443 applicat
752 381 784 424 se
799 363 841 424 illi
856 372 932 436 toro,
948 363 979 425 in
996 383 1055 443 quo
1066 364 1154 426 Scin·

78 445 140 510 tilla
163 445 318 508 Habinnae
339 447 543 510 discumbebat
564 465 653 523 uxor,
680 445 1079 528 osculataqueplaudentem
1101 454 1155 512 ‘est

80 532 119 595 te’
135 532 234 611 inquit
250 529 388 593 ‘videret'

168 637 203 678 eo
225 616 331 679 deinde
346 627 522 696 perventum
536 625 597 694 est,
620 627 653 679 ut
668 617 829 680 Fortunata
844 618 972 680 armillas
993 637 1061 681 suas
1076 638 1155 681 cras-

42 717 56 764 5
76 703 205 766 sissimis
227 701 397 763 detraheret
411 704 527 765 lacertis
543 702 752 783 Scintillaeque
767 703 887 764 miranti
902 704 1080 766 ostenderet.
1110 705 1157 766 ul-

80 790 155 850 timo
170 787 258 849 etiam
278 788 466 868 periscelides
486 788 605 850 resolvit
626 796 656 849 et
676 789 834 850 reticulum
849 805 987 864 aureum,
1010 807 1098 869 quem
1121 809 1157 852 ex

80 874 206 936 obrussa
228 891 292 934 esse
314 871 438 935 dicebat.
469 874 581 935 notavit
601 875 673 936 haec
694 874 871 935 Trimalchio
892 874 1036 953 iussitque
1059 876 1158 937 allerri

73 959 183 1020 ‚omnia
207 967 235 1018 et
256 958 378 1019 ‘videtis’
399 959 497 1038 inquit
517 959 659 1020 ‘mulieris
680 957 854 1038 compedes:
880 959 922 1022 sic
944 978 1000 1022 nos
1022 960 1157 1022 barcalae

82 1043 291 1124 despoliamur.
321 1061 373 1104 sex
392 1045 493 1124 pondo
516 1053 545 1106 et
565 1043 703 1106 selibram
724 1044 812 1105 debet
833 1043 1011 1106 haberecet
1031 1046 1095 1125 ipse
1110 1047 1157 1106 ni-

32 1141 58 1191 to
79 1130 144 1190 hilo
158 1129 256 1190 minus
271 1127 366 1189 haheo
386 1131 492 1191 decem
511 1129 611 1209 pondo
634 1130 777 1190 armillam
793 1149 827 1190 ex
842 1130 1003 1192 millesimis
1018 1131 1170 1193 Mercurii

76 1213 211 1276 iactam.
240 1213 343 1276 ultimo
367 1215 472 1290 ctiam,
495 1215 668 1278 nomentan
683 1215 845 1290 videretur,
862 1223 1000 1276 stateram
1015 1216 1101 1278 iussit
1114 1217 1158 1277 al-

82 1299 157 1362 ierri
169 1306 198 1360 et
209 1299 413 1360 circumlatum
425 1299 583 1380 approbari
594 1301 722 1380 pondus.
744 1300 1158 1380 necmeliorScintillaqnae

83 1386 120 1446 de
143 1385 258 1446 cervice
279 1403 330 1446 aua
352 1386 508 1464 capsellam
532 1385 659 1446 detraxit
678 1386 842 1461 aureolam,
870 1403 959 1464 quam
979 1386 1158 1448 Felicionem

85 1469 261 1552 appellabat.
295 1469 365 1530 inde
384 1471 445 1531 duo
467 1470 589 1531 crotalia
610 1470 734 1549 protulit
756 1479 786 1531 et
805 1470 984 1532 Fortunatae
1008 1471 1160 1534 invicem

37 1567 64 1617 15
85 1555 300 1618 consideranda
315 1554 394 1615 dedit
409 1564 438 1616 et
453 1555 583 1616 ‘domini'
605 1555 704 1634 inquit
719 1556 786 1616 ‘moi
806 1555 953 1616 beneficio
969 1574 1056 1616 nemo
1070 1556 1160 1618 hahet

85 1639 228 1702 meliora’.
255 1637 367 1719 ‘quid‘l'
382 1640 481 1719 inquit
492 1639 643 1701 Habinnas
659 1639 881 1702 ‘excatarissasti
892 1657 949 1714 me,
964 1648 997 1700 ut
1011 1640 1064 1701 tibi
1081 1660 1161 1702 eme·

86 1744 150 1788 rem
161 1725 260 1786 iaham
272 1725 405 1789 vitream.
435 1725 524 1805 plane
539 1725 563 1786 si
578 1725 667 1786 liliam
681 1725 837 1797 haberem,
860 1725 1006 1786 auriculas
1021 1725 1062 1802 illi
1074 1743 1161 1805 prae·

86 1811 226 1873 oidorem.
255 1811 395 1871 mulieres
415 1810 440 1872 si
462 1827 522 1871 non
543 1818 659 1884 essent,
686 1809 784 1870 omnia
805 1828 861 1890 pro
882 1808 945 1870 luto
966 1809 1160 1888 haberemus;
1199 1878 1204 1888 ,

88 1915 171 1958 nunc
185 1894 244 1956 hoc
259 1904 304 1956 est
319 1895 434 1956 caldum
448 1896 557 1957 meiere
573 1903 602 1956 et
617 1895 756 1974 Frigidum
769 1894 894 1974 potarc.’

38 1992 66 2042 m
171 1981 444 2042 interimmulieres
459 1981 573 2043 sauciae
588 1981 667 2042 inter
681 2000 713 2043 se
728 1981 861 2041 riserunt
882 1979 1040 2060 ebriaeque
1055 1981 1160 2042 iunxe-

87 2073 160 2128 runt
174 2066 288 2140 oscula,
310 2067 379 2127 dum
395 2067 486 2127 altera
501 2066 680 2146 diligentiam
695 2065 797 2127 matris
811 2065 937 2126 familiae
951 2065 1054 2140 iactat,
1070 2066 1160 2126 altera

87 2151 206 2213 delicias
221 2159 250 2212 et
270 2151 485 2229 indiligentiam
506 2151 570 2212 viri.
606 2152 736 2231 dumque
756 2151 799 2211 sio
814 2151 990 2224 cohaerent,
1006 2151 1159 2213 Habinnas

88 2236 190 2298 furtim
205 2236 392 2298 consurrexit
406 2238 556 2315 pedesque
571 2235 751 2297 Fortunatae
773 2245 927 2314 correptos
949 2237 1161 2314 superlectum

89 2321 217 2384 immisit.
248 2326 294 2382 ‘au
316 2320 362 2382 au'
378 2321 426 2382 illa
447 2320 639 2402 proclamavit
658 2320 815 2381 aberrante
835 2320 937 2380 tunica
950 2338 1041 2401 super
1056 2339 1162 2398 genua.

39 2418 68 2467 aa
89 2407 252 2486 composita
272 2424 345 2485 ergo
367 2405 396 2466 in
426 2405 539 2484 gremio
563 2405 712 2466 Scintillae
734 2404 968 2466 incensissimam
989 2405 1100 2467 rubore
1120 2406 1164 2466 la-

89 2493 164 2554 ciem
178 2492 297 2554 sudario
312 2491 475 2553 abscondit.

174 2578 351 2656 interposito
366 2576 473 2637 deinde
493 2575 587 2656 spatio
610 2593 678 2636 cum
693 2575 839 2636 secundas
853 2592 972 2636 mensas
987 2573 1163 2636 Trimalchio
1181 2577 1222 2640 68

89 2662 221 2725 iussisset
235 2662 349 2736 afferri,
371 2662 557 2724 sustulerunt
570 2661 646 2722 servi
669 2677 772 2721 omnes
793 2678 911 2721 mensas
925 2667 957 2720 ct
971 2659 1041 2720 alias
1059 2659 1165 2720 attule-

87 2756 177 2823 runt,
198 2748 378 2827 scobemque
401 2765 490 2808 croco
509 2755 541 2808 et
561 2746 653 2808 minio
674 2747 797 2807 tinctam
819 2752 994 2824 sparserunt
1014 2753 1058 2820 et,
1085 2745 1164 2823 quod

38 2842 69 2894 ab
90 2851 245 2910 nunquam
270 2841 338 2894 ante
364 2832 509 2906 videram,
536 2849 572 2892 ax
591 2831 688 2911 lapide
713 2830 859 2910 speculari
881 2830 1032 2910 pulverem
1054 2830 1165 2890 tritmn.

91 2917 192 2980 statim
213 2917 390 2988 Trimalchio
413 2923 556 2998 ‘poteram
585 2915 715 2995 quidem'
737 2915 835 2994 inquit
865 2913 932 2976 ‘hoc
953 2914 1078 2976 fericulo
1101 2933 1165 2977 esse

84 3009 266 3080 »contentum
288 3001 435 3065 secundas
457 3002 537 3064 enim
558 3020 676 3064 mensas
691 2999 814 3062 habetis.
844 3001 892 3062 aed
903 2999 927 3061 si
944 2999 1013 3078 quid
1029 2998 1099 3060 belli
1113 3000 1165 3059 ha·

91 3087 155 3164 hos,
171 3087 262 3148 aller'.

178 3173 298 3234 interim
313 3191 389 3252 puer
404 3171 636 3245 Alexandrinus,
658 3169 710 3249 qui
725 3169 837 3231 caldam
852 3167 1054 3242 ministrabat,
1077 3167 1167 3228 lusci-

43 3267 72 3318 ct
90 3257 158 3320 nias
172 3257 272 3335 coepit
286 3257 393 3318 imitari
409 3258 554 3318 clamante
569 3255 787 3319 Trimalchione
801 3253 942 3316 subinde:
959 3251 1068 3314 ‘muta'.
1097 3269 1166 3314 ecce

84 3343 169 3404 alius
182 3340 280 3401 ludus.
306 3343 475 3422 servusqui
490 3343 526 3403 ad
541 3341 632 3422 pedes
647 3339 802 3401 llahinnae
817 3338 948 3413 sedebat,
970 3337 1084 3413 iussus,
1101 3355 1169 3399 ore-

92 3429 142 3502 do,
159 3443 176 3486 a
192 3421 316 3485 domino
328 3443 382 3487 suo
399 3426 586 3504 proclamavit
607 3425 706 3488 subito
722 3441 830 3486 canora
845 3441 934 3484 voce:

247 3509 372 3570 “interea
382 3511 509 3572 modium
523 3512 637 3573 Aeneas
647 3511 706 3572 iam
721 3509 813 3572 classe
827 3508 965 3570 tenebat!

94 3596 197 3660 nullus
212 3613 305 3658 sonus
327 3611 458 3674 unquam
474 3595 583 3657 acidior
604 3596 750 3676 percussit
770 3613 857 3656 aures
879 3610 975 3668 meas3
998 3609 1068 3652 nam
1081 3607 1168 3670 prac-

44 3691 73 3743 to
92 3691 140 3746 ter
162 3680 290 3743 errantis
311 3677 466 3742 barbariae
490 3687 540 3741 aut
560 3680 707 3741 adiectum
729 3688 780 3742 aut
801 3679 986 3741 deminutum
1011 3675 1168 3737 clamorem

180 3830 387 3886 tercentesimus
406 3831 559 3896 Schefferue
575 3827 587 3898 i
608 3831 636 3882 ll
655 3825 833 3896 circulatnml
855 3830 887 3880 20
906 3827 992 3879 sociae
1010 3825 1169 3880 Stodmen-

96 3898 370 4021 pppbpgtlp’qqrgqtps
386 3899 398 3970 fl
415 3901 448 3953 25
462 3899 588 3975 indecens
605 3898 682 3950 imam
700 3895 710 3966 i
726 3898 759 3950 aa
777 3897 945 3997 scrobemque
961 3893 971 3964 ΙΙ
987 3897 1027 3995 401
1038 3895 1169 3949 recitantis
