2780 4480
552 161 700 218 28therss
1124 163 1166 226 97

13 347 61 400 Lo
87 357 186 402 unum
203 347 361 414 memento,
379 353 441 402 non
456 354 504 400 me
516 339 567 400 sod
583 338 781 401 instrumenta
793 336 945 418 peccasse.
974 349 1096 420 paratus
1110 343 1169 404 mi·

86 426 134 488 les
150 443 232 487 arma
248 444 310 486 non
325 422 424 486 habai.
461 423 527 503 quis
542 423 599 484 hoc
613 423 784 500 turbaverit,
807 421 918 486 nescio.
955 425 1078 488 forsitan
1103 428 1169 489 ani·

87 529 159 572 mus
175 509 335 571 antecessit
350 509 484 592 corporis
498 526 629 583 moram,:·
636 508 759 570 forsitan
775 509 845 570 dum
861 511 960 571 omnia
976 513 1167 592 concupisco,

85 596 271 679 voluptatem
286 603 421 673 tempore
436 593 617 673 consumpsi.
652 611 715 654 non
731 593 860 669 invenio,
881 593 961 674 quod
976 596 1041 657 leci.
1080 615 1168 678 para·

53 680 168 761 olysia
183 688 283 741 tamon
299 687 401 742 carole
417 679 516 740 iubes:
539 686 681 758 tanquam
703 695 738 740 ea
759 677 856 742 maior
874 679 938 741 fleri
960 681 1068 760 possit,
1091 698 1168 761 quae

88 765 213 828 abstulit
226 765 308 846 mihi,
330 782 389 845 por
407 765 486 844 quod
509 764 596 824 etiam
618 771 649 824 to
669 762 781 826 hahere
801 764 895 844 potui.
930 783 1047 827 marma
1065 774 1165 830 tamen

88 849 292 912 excusationis
306 867 389 912 meae
405 851 477 910 haec
493 857 552 910 est:
567 848 691 928 placebo
702 848 765 924 tihi,
779 850 806 911 si
817 867 865 910 ure
877 849 997 930 culpam
1007 853 1167 914 emendare

88 934 274 1016 permiseris'
360 959 363 974 ·
495 1013 497 1020 Ι
592 949 636 1052 ·*
1066 967 1070 973 ,

47 1108 71 1158 L
174 1101 318 1186 ldimissa
339 1121 406 1165 cum
422 1103 567 1166 eiusmodi
590 1103 800 1182 pollicitatione
815 1103 956 1184 Chryside
976 1106 1079 1166 curari
1100 1107 1166 1169 diliss

42 1197 71 1249 to
91 1189 212 1270 gentius
239 1188 493 1250 noxiosissimum·
508 1201 633 1267 conpos,
652 1187 833 1270 halueoqne
862 1189 1022 1269 praeterito
1052 1193 1168 1254 modica

89 1273 237 1336 unctione
250 1291 332 1348 usus,
348 1291 417 1335 mox
432 1272 506 1334 cibis
521 1272 711 1335 validioribus
725 1281 842 1354 pastus,
859 1274 889 1335 id
904 1282 950 1336 est
963 1275 1062 1337 bulbis
1077 1278 1168 1338 eoch-

89 1361 266 1442 laurumque
278 1359 344 1420 sine
358 1358 422 1420 iure
438 1357 610 1432 ceruicibus,
625 1358 710 1420 hausi
725 1359 844 1438 parcius
859 1377 984 1421 merum.
1014 1360 1084 1422 hinc
1098 1369 1168 1424 ante

90 1459 231 1527 somnum
246 1442 392 1505 levissima
406 1441 607 1504 ambulatione
629 1443 812 1522 compositus
834 1444 897 1507 sine
913 1444 1022 1506 Gitone
1040 1445 1168 1507 euhion-

90 1530 153 1591 lum
168 1529 284 1590 intravi.
319 1537 402 1589 tauta
428 1536 491 1589 erat
515 1527 653 1608 placandi
679 1545 765 1603 eura,
792 1537 826 1590 ut
850 1529 1000 1604 timerem,
1027 1549 1066 1592 ae
1091 1532 1167 1594 htus

46 1622 73 1672 15
90 1631 192 1676 meam
205 1613 501 1675 ‘trater‘oonrelleret
530 1607 651 1694 postero
662 1613 723 1684 die,
739 1631 808 1676 eum
822 1615 888 1676 sice
902 1615 1015 1676 offensa
1027 1615 1165 1696 eorporis
1189 1615 1249 1678 131

91 1700 244 1778 animique
259 1699 525 1773 scammoniam,
544 1699 575 1760 iu
591 1697 718 1760 mandem
733 1695 893 1777 platanona
907 1696 1062 1775 descemi,
1079 1701 1167 1762 otiam

91 1785 116 1846 si
130 1785 231 1845 locum
250 1783 467 1863 inauspicatum
482 1781 639 1856 amabam,
662 1783 808 1862 coepique
830 1785 910 1846 inter
924 1783 1046 1848 arbores
1061 1786 1166 1848 ducem

92 1869 208 1930 itineris
234 1877 391 1949 expectare
415 1868 594 1948 Chrysidem.
638 1886 695 1929 nec
720 1869 771 1930 diu
797 1870 938 1949 spatiatus
963 1870 1168 1945 consederam,

91 1953 143 2015 uhi
158 1955 300 2016 hesterno
315 1953 362 2014 die
376 1954 506 2028 fueram,
530 1971 596 2014 curu
611 1939 660 2014 illa
678 1953 760 2016 intus
774 1955 854 2016 venit
869 1954 1006 2016 comitem
1021 1955 1168 2016 aniculam
1276 1999 1282 2011 .

47 2047 74 2098 tt
87 2039 223 2120 trahens.
253 2046 341 2117 atque
357 2047 391 2098 ut
404 2055 451 2099 me
467 2038 675 2112 consalutauit,
692 2039 773 2116 ‘quid
788 2039 842 2102 est'
856 2040 954 2120 iuquit
968 2035 1100 2118 tamese,
1115 2059 1168 2103 eo·

93 2125 165 2204 quid
178 2123 289 2184 honam
303 2131 435 2185 mentem
450 2122 559 2184 hebere
578 2122 700 2203 coepisti
707 2121 733 2182 l'

171 2207 228 2270 tua
250 2209 286 2269 de
307 2209 374 2270 sinu
390 2208 490 2269 licium
505 2208 629 2288 protulit
649 2207 720 2267 varii
743 2208 852 2270 coloris
872 2208 929 2273 filis
941 2209 1087 2270 intortum
1102 2228 1168 2271 oer-

92 2294 247 2372 rioemque
267 2293 361 2356 vinxit
383 2309 489 2354 meam.
526 2311 595 2354 mox
616 2291 770 2354 turbatum
789 2294 1055 2374 sputopalverem*
1068 2295 1166 2359 medio

93 2379 211 2442 sustulit
224 2378 316 2458 digito
331 2377 521 2457 frontemque
535 2376 731 2458 repugnantis
744 2378 871 2462 signarit

49 2573 75 2622 25
177 2562 236 2626 hoc
257 2573 378 2644 peracto
400 2563 532 2626 carmine
553 2571 599 2625 ter
620 2581 668 2626 me
683 2563 768 2626 iussit
789 2563 918 2644 expuere
934 2572 1039 2644 terque
1053 2563 1167 2645 lapillos

93 2650 230 2714 conicere
244 2649 275 2711 iu
291 2649 407 2724 sinum,
430 2668 506 2728 quos
528 2649 590 2729 ipsa
613 2655 819 2729 praecantatos
841 2665 975 2730 purpura
995 2649 1165 2727 involverat,
1253 2672 1256 2685 ·

94 2735 278 2815 admotisque
289 2734 427 2796 manibus
436 2741 582 2814 temptare
593 2735 691 2815 coepit
705 2735 863 2815 inguinum
873 2736 959 2798 vires.
989 2736 1067 2798 dicto
1080 2737 1167 2799 citius

95 2821 175 2882 nervi
191 2828 357 2900 paruerunt
370 2819 496 2898 imperio
511 2837 676 2898 manusque
691 2819 825 2882 aniculae
839 2819 955 2900 ingenti
970 2827 1052 2882 motu
1067 2821 1166 2902 reple-

95 2913 209 2966 verunt.
240 2911 269 2965 at
284 2903 332 2965 illa
347 2904 453 2983 gaudio
470 2903 604 2966 exultans
618 2904 718 2968 ‘vides’
733 2905 831 2986 inquit
842 2905 969 2985 ‘Chrysis
984 2921 1058 2982 mea,
1074 2905 1164 2982 vides,

52 2995 78 3046 tt
96 2990 172 3070 quod
188 2988 252 3052 aliis
267 2988 400 3070 leporem
415 2986 568 3050 excitavil’

627 3094 643 3132 t

33 3176 73 3228 Μ)
196 3173 201 3257 Ι
221 3173 330 3237 nobilis
344 3176 467 3237 aestivas
481 3176 617 3256 platanus
632 3174 788 3236 diffuderat
802 3172 921 3236 umbras

223 3269 252 3321 et
265 3260 347 3322 bacis
361 3260 496 3322 redimita
510 3261 634 3340 Daphne
648 3259 851 3338 tremulaeque
866 3277 1024 3340 cupressus

221 3353 251 3406 et
266 3345 376 3406 circum
393 3354 497 3408 tonsae
510 3345 670 3426 trepidanti
686 3345 794 3406 vertice
809 3343 907 3424 pinus.

222 3431 275 3496 has
288 3430 368 3491 iuter
383 3431 504 3492 ludebat
518 3431 602 3510 aquis
617 3429 786 3492 errantibus
797 3429 892 3492 amnis

53 3519 79 3568 35
222 3533 364 3594 spumeus
379 3524 408 3576 et
423 3515 546 3594 querulo
561 3515 683 3577 vexabat
697 3533 766 3580 rore
781 3513 906 3594 lapillos.
978 3587 986 3602 .

222 3599 330 3680 diguus
345 3618 446 3661 amore
461 3601 557 3662 loeus:
568 3600 656 3680 testis
670 3600 810 3667 silvestris
824 3600 919 3663 aedon

180 3788 195 3836 5
214 3786 253 3847 ea]
272 3783 322 3834 iam
341 3783 417 3846 hard,
435 3784 532 3835 deleuit
549 3783 696 3836 Samtaem
713 3781 757 3851 116
779 3783 855 3835 etiam
880 3799 929 3835 om.
949 3781 1141 3847 Sccla'garcam
1195 3817 1196 3822 κ

98 3852 127 3903 ta
146 3849 276 3904 lenissima
292 3850 474 3904 Torcaerta‘ca
485 3851 495 3920 ΙΙ
512 3855 542 3904 tt
559 3850 676 3912 secema
687 3849 828 3916 placandae
840 3849 925 3904 Circes
938 3850 948 3920 ΙΙ
963 3853 992 3903 19
1008 3849 1147 3902 intervenit
1185 3857 1189 3862 '

12 3929 13 3934 ’
97 3919 129 3971 ²8
145 3919 294 3986 repulerunt
311 3921 423 3972 latntes
434 3921 443 3987 ΙΙ
457 3923 490 3974 30
509 3935 585 3987 quem
603 3918 726 3972 Nodctm
737 3918 747 3987 ΙΙ
762 3921 794 3972 35
811 3919 932 3972 versabat
949 3921 1136 3972 massonam

149 4009 249 4055 Petronii
262 4010 343 4055 satiate
356 4011 390 4056 ed.
403 4010 437 4054 111
948 4008 962 4057 7
