<?xml version="1.0" encoding="UTF-8"?>
<!DOCTYPE html PUBLIC "-//W3C//DTD XHTML 1.0 Transitional//EN"
    "http://www.w3.org/TR/xhtml1/DTD/xhtml1-transitional.dtd">
<html xmlns="http://www.w3.org/1999/xhtml" xml:lang="en" lang="en">
 <head>
  <title>
</title>
<meta http-equiv="Content-Type" content="text/html;charset=utf-8" />
  <meta name='ocr-system' content='tesseract 3.04.00' />
  <meta name='ocr-capabilities' content='ocr_page ocr_carea ocr_par ocr_line ocrx_word'/>
</head>
<body>
  <div class='ocr_page' id='page_1' title='image "./satiraeetliberp00arbigoog_0237.png"; bbox 0 0 2768 4480; ppageno 0'>
   <div class='ocr_carea' id='block_1_1' title="bbox 193 186 819 259">
    <p class='ocr_par' dir='ltr' id='par_1_1' title="bbox 193 186 819 259">
     <span class='ocr_line' id='line_1_1' title="bbox 193 186 819 259; baseline 0 -13"><span class='ocrx_word' id='word_1_1' title='bbox 193 186 257 248; x_wconf 77' lang='lat' dir='ltr'><strong>aad</strong></span> <span class='ocrx_word' id='word_1_2' title='bbox 662 193 819 259; x_wconf 67' lang='lat' dir='ltr'><strong>senecae„</strong></span> 
     </span>
    </p>
   </div>
   <div class='ocr_carea' id='block_1_2' title="bbox 159 359 1366 3767">
    <p class='ocr_par' dir='ltr' id='par_1_2' title="bbox 197 359 1360 446">
     <span class='ocr_line' id='line_1_2' title="bbox 197 359 1360 446; baseline 0.003 -17"><span class='ocrx_word' id='word_1_3' title='bbox 197 369 308 432; x_wconf 88' lang='lat' dir='ltr'><strong>nuHius</strong></span> <span class='ocrx_word' id='word_1_4' title='bbox 322 366 473 430; x_wconf 88' lang='lat' dir='ltr'><strong>terrestris</strong></span> <span class='ocrx_word' id='word_1_5' title='bbox 495 365 628 428; x_wconf 89' lang='lat' dir='ltr'><strong>animalis</strong></span> <span class='ocrx_word' id='word_1_6' title='bbox 649 367 701 444; x_wconf 87' lang='lat' dir='ltr'><strong>sed</strong></span> <span class='ocrx_word' id='word_1_7' title='bbox 724 367 818 446; x_wconf 92' lang='lat' dir='ltr'><strong>qualis</strong></span> <span class='ocrx_word' id='word_1_8' title='bbox 839 386 904 429; x_wconf 88' lang='lat' dir='ltr'><strong>esse</strong></span> <span class='ocrx_word' id='word_1_9' title='bbox 925 368 1048 430; x_wconf 88' lang='lat' dir='ltr'><strong>marinis</strong></span> <span class='ocrx_word' id='word_1_10' title='bbox 1070 368 1167 432; x_wconf 89' lang='lat' dir='ltr'><strong>beluis</strong></span> <span class='ocrx_word' id='word_1_11' title='bbox 1190 372 1280 444; x_wconf 88' lang='lat' dir='ltr'><strong>solet,</strong></span> <span class='ocrx_word' id='word_1_12' title='bbox 1359 359 1360 404; x_wconf 52' lang='grc' dir='ltr'><strong><em>λ</em></strong></span> 
     </span>
    </p>

    <p class='ocr_par' dir='ltr' id='par_1_3' title="bbox 197 451 1279 533">
     <span class='ocr_line' id='line_1_3' title="bbox 197 451 1279 533; baseline 0.001 -16"><span class='ocrx_word' id='word_1_13' title='bbox 197 471 316 517; x_wconf 77' lang='lat' dir='ltr'><strong>raucam</strong></span> <span class='ocrx_word' id='word_1_14' title='bbox 332 462 362 515; x_wconf 91' lang='lat' dir='ltr'><strong>et</strong></span> <span class='ocrx_word' id='word_1_15' title='bbox 376 452 563 533; x_wconf 74' lang='lat' dir='ltr'><strong>implicatam,</strong></span> <span class='ocrx_word' id='word_1_16' title='bbox 579 451 692 532; x_wconf 83' lang='lat' dir='ltr'><strong>putarit</strong></span> <span class='ocrx_word' id='word_1_17' title='bbox 707 451 763 514; x_wconf 90' lang='lat' dir='ltr'><strong>sihi</strong></span> <span class='ocrx_word' id='word_1_18' title='bbox 779 453 898 514; x_wconf 89' lang='lat' dir='ltr'><strong>tertium</strong></span> <span class='ocrx_word' id='word_1_19' title='bbox 913 452 1061 515; x_wconf 90' lang='lat' dir='ltr'><strong>decimum</strong></span> <span class='ocrx_word' id='word_1_20' title='bbox 1074 453 1208 520; x_wconf 83' lang='lat' dir='ltr'><strong>lab&#39;crem</strong></span> <span class='ocrx_word' id='word_1_21' title='bbox 1226 476 1279 518; x_wconf 88' lang='lat' dir='ltr'><strong>ve-</strong></span> 
     </span>
    </p>

    <p class='ocr_par' dir='ltr' id='par_1_4' title="bbox 199 537 1280 622">
     <span class='ocr_line' id='line_1_4' title="bbox 199 537 1280 622; baseline 0 -20"><span class='ocrx_word' id='word_1_22' title='bbox 199 541 287 603; x_wconf 88' lang='lat' dir='ltr'>nisse.</span> <span class='ocrx_word' id='word_1_23' title='bbox 318 538 487 618; x_wconf 86' lang='lat' dir='ltr'><strong>diligentius</strong></span> <span class='ocrx_word' id='word_1_24' title='bbox 501 537 630 599; x_wconf 90' lang='lat' dir='ltr'><strong>intuenti</strong></span> <span class='ocrx_word' id='word_1_25' title='bbox 644 537 723 599; x_wconf 88' lang='lat' dir='ltr'><strong>visus</strong></span> <span class='ocrx_word' id='word_1_26' title='bbox 737 546 782 599; x_wconf 88' lang='lat' dir='ltr'><strong>est</strong></span> <span class='ocrx_word' id='word_1_27' title='bbox 797 537 880 617; x_wconf 88' lang='lat' dir='ltr'><strong>quasi</strong></span> <span class='ocrx_word' id='word_1_28' title='bbox 903 538 1002 600; x_wconf 91' lang='lat' dir='ltr'><strong>homo.</strong></span> <span class='ocrx_word' id='word_1_29' title='bbox 1032 540 1159 602; x_wconf 92' lang='lat' dir='ltr'><strong>accessit</strong></span> <span class='ocrx_word' id='word_1_30' title='bbox 1175 541 1280 622; x_wconf 89' lang='lat' dir='ltr'><strong>itaque</strong></span> 
     </span>
    </p>

    <p class='ocr_par' dir='ltr' id='par_1_5' title="bbox 199 621 1361 796">
     <span class='ocr_line' id='line_1_5' title="bbox 199 621 819 705; baseline -0.008 -17"><span class='ocrx_word' id='word_1_31' title='bbox 199 634 227 688; x_wconf 87' lang='lat' dir='ltr'><strong>et</strong></span> <span class='ocrx_word' id='word_1_32' title='bbox 243 623 323 705; x_wconf 90' lang='lat' dir='ltr'><strong>quod</strong></span> <span class='ocrx_word' id='word_1_33' title='bbox 338 623 507 686; x_wconf 82' lang='lat' dir='ltr'><strong>facillimum</strong></span> <span class='ocrx_word' id='word_1_34' title='bbox 523 622 578 683; x_wconf 84' lang='lat' dir='ltr'><strong>suit</strong></span> <span class='ocrx_word' id='word_1_35' title='bbox 594 621 746 695; x_wconf 86' lang='lat' dir='ltr'><strong>Graeculo,</strong></span> <span class='ocrx_word' id='word_1_36' title='bbox 765 622 819 683; x_wconf 92' lang='lat' dir='ltr'><strong>ait:</strong></span> 
     </span>
     <span class='ocr_line' id='line_1_6' title="bbox 284 698 1361 796; baseline -0.002 -24"><span class='ocrx_word' id='word_1_37' title='bbox 284 712 336 785; x_wconf 81' lang='grc' dir='ltr'><strong>τίς</strong></span> <span class='ocrx_word' id='word_1_38' title='bbox 350 704 463 773; x_wconf 74' lang='grc' dir='ltr'><strong><em>πόθεν</em></strong></span> <span class='ocrx_word' id='word_1_39' title='bbox 479 701 526 783; x_wconf 78' lang='grc' dir='ltr'><strong>εἷς</strong></span> <span class='ocrx_word' id='word_1_40' title='bbox 541 698 680 789; x_wconf 66' lang='lat' dir='ltr'><strong>dococto,</strong></span> <span class='ocrx_word' id='word_1_41' title='bbox 695 703 787 771; x_wconf 73' lang='grc' dir='ltr'><strong><em>πόθι</em></strong></span> <span class='ocrx_word' id='word_1_42' title='bbox 801 729 855 771; x_wconf 84' lang='grc' dir='ltr'><strong>τοι</strong></span> <span class='ocrx_word' id='word_1_43' title='bbox 871 703 973 782; x_wconf 78' lang='grc' dir='ltr'><strong><em>πόλις</em></strong></span> <span class='ocrx_word' id='word_1_44' title='bbox 986 698 1046 794; x_wconf 79' lang='grc' dir='ltr'><strong>ἠδὲ</strong></span> <span class='ocrx_word' id='word_1_45' title='bbox 1060 709 1178 796; x_wconf 80' lang='grc' dir='ltr'><strong><em>τοκῆες</em></strong></span> <span class='ocrx_word' id='word_1_46' title='bbox 1187 736 1198 790; x_wconf 91' lang='grc'><strong>,·</strong></span> <span class='ocrx_word' id='word_1_47' title='bbox 1302 723 1315 770; x_wconf 82' lang='lat'>5</span> <span class='ocrx_word' id='word_1_48' title='bbox 1360 733 1361 792; x_wconf 69' lang='grc' dir='ltr'><strong><em>ι</em></strong></span> 
     </span>
    </p>

    <p class='ocr_par' dir='ltr' id='par_1_6' title="bbox 200 792 1279 875">
     <span class='ocr_line' id='line_1_7' title="bbox 200 792 1279 875; baseline -0.001 -18"><span class='ocrx_word' id='word_1_49' title='bbox 200 794 338 858; x_wconf 84' lang='lat' dir='ltr'><strong>Claudius</strong></span> <span class='ocrx_word' id='word_1_50' title='bbox 359 793 467 875; x_wconf 89' lang='lat' dir='ltr'><strong>gaudet</strong></span> <span class='ocrx_word' id='word_1_51' title='bbox 489 811 553 855; x_wconf 87' lang='lat' dir='ltr'><strong>esse</strong></span> <span class='ocrx_word' id='word_1_52' title='bbox 573 792 634 853; x_wconf 91' lang='lat' dir='ltr'><strong>iHic</strong></span> <span class='ocrx_word' id='word_1_53' title='bbox 655 792 822 872; x_wconf 83' lang='lat' dir='ltr'><strong>philologbs</strong></span> <span class='ocrx_word' id='word_1_54' title='bbox 842 793 996 868; x_wconf 90' lang='lat' dir='ltr'><strong>homines,</strong></span> <span class='ocrx_word' id='word_1_55' title='bbox 1017 801 1117 873; x_wconf 85' lang='lat' dir='ltr'><strong>sperat</strong></span> <span class='ocrx_word' id='word_1_56' title='bbox 1139 795 1279 857; x_wconf 80' lang='lat' dir='ltr'><strong>futurum</strong></span> 
     </span>
    </p>

    <p class='ocr_par' dir='ltr' id='par_1_7' title="bbox 200 877 1280 960">
     <span class='ocr_line' id='line_1_8' title="bbox 200 877 1280 960; baseline 0 -18"><span class='ocrx_word' id='word_1_57' title='bbox 200 881 325 960; x_wconf 91' lang='lat' dir='ltr'><strong>aliquem</strong></span> <span class='ocrx_word' id='word_1_58' title='bbox 349 879 479 941; x_wconf 92' lang='lat' dir='ltr'><strong>historiis</strong></span> <span class='ocrx_word' id='word_1_59' title='bbox 501 878 562 940; x_wconf 90' lang='lat' dir='ltr'><strong>suis</strong></span> <span class='ocrx_word' id='word_1_60' title='bbox 583 878 691 938; x_wconf 91' lang='lat' dir='ltr'><strong>locum.</strong></span> <span class='ocrx_word' id='word_1_61' title='bbox 735 877 834 957; x_wconf 85' lang='lat' dir='ltr'><strong>itaque</strong></span> <span class='ocrx_word' id='word_1_62' title='bbox 857 877 971 957; x_wconf 88' lang='lat' dir='ltr'><strong>etipse</strong></span> <span class='ocrx_word' id='word_1_63' title='bbox 999 877 1161 940; x_wconf 90' lang='lat' dir='ltr'><strong>Homerico</strong></span> <span class='ocrx_word' id='word_1_64' title='bbox 1189 899 1280 942; x_wconf 87' lang='lat' dir='ltr'><strong>versu</strong></span> 
     </span>
    </p>

    <p class='ocr_par' dir='ltr' id='par_1_8' title="bbox 201 952 1362 1134">
     <span class='ocr_line' id='line_1_9' title="bbox 201 952 1362 1041; baseline -0.011 -13"><span class='ocrx_word' id='word_1_65' title='bbox 201 964 354 1028; x_wconf 85' lang='lat' dir='ltr'><strong>Caesarem</strong></span> <span class='ocrx_word' id='word_1_66' title='bbox 369 982 401 1026; x_wconf 94' lang='lat' dir='ltr'><strong>se</strong></span> <span class='ocrx_word' id='word_1_67' title='bbox 417 981 481 1026; x_wconf 89' lang='lat' dir='ltr'><strong>esse</strong></span> <span class='ocrx_word' id='word_1_68' title='bbox 496 963 667 1041; x_wconf 83' lang='lat' dir='ltr'><strong>significans</strong></span> <span class='ocrx_word' id='word_1_69' title='bbox 682 961 736 1022; x_wconf 91' lang='lat' dir='ltr'><strong>ait:</strong></span> <span class='ocrx_word' id='word_1_70' title='bbox 1361 952 1362 1032; x_wconf 78' lang='lat' dir='ltr'><strong>l</strong></span> 
     </span>
     <span class='ocr_line' id='line_1_10' title="bbox 280 1039 1133 1134; baseline -0.005 -18"><span class='ocrx_word' id='word_1_71' title='bbox 280 1039 424 1116; x_wconf 74' lang='grc' dir='ltr'><strong><em>Ἰλιόθεν</em></strong></span> <span class='ocrx_word' id='word_1_72' title='bbox 438 1071 480 1131; x_wconf 82' lang='grc' dir='ltr'><strong>με</strong></span> <span class='ocrx_word' id='word_1_73' title='bbox 496 1050 608 1134; x_wconf 83' lang='grc' dir='ltr'><em>φέρων</em></span> <span class='ocrx_word' id='word_1_74' title='bbox 623 1039 744 1128; x_wconf 80' lang='grc' dir='ltr'><strong><em>όνεμος</em></strong></span> <span class='ocrx_word' id='word_1_75' title='bbox 759 1043 938 1110; x_wconf 87' lang='grc' dir='ltr'><strong><em>Κικόνεσσι</em></strong></span> <span class='ocrx_word' id='word_1_76' title='bbox 954 1045 1133 1112; x_wconf 77' lang='grc' dir='ltr'><strong><em>πέλασσεν.</em></strong></span> 
     </span>
    </p>

    <p class='ocr_par' dir='ltr' id='par_1_9' title="bbox 201 1132 1327 1302">
     <span class='ocr_line' id='line_1_11' title="bbox 201 1132 1327 1240; baseline -0.004 -43"><span class='ocrx_word' id='word_1_77' title='bbox 201 1143 263 1197; x_wconf 89' lang='lat' dir='ltr'><strong>erat</strong></span> <span class='ocrx_word' id='word_1_78' title='bbox 278 1142 376 1197; x_wconf 91' lang='lat' dir='ltr'><strong>autem</strong></span> <span class='ocrx_word' id='word_1_79' title='bbox 391 1151 521 1240; x_wconf 65' lang='lat' dir='ltr'><strong>sequens</strong></span> <span class='ocrx_word' id='word_1_80' title='bbox 533 1151 637 1195; x_wconf 87' lang='lat' dir='ltr'><strong>versus</strong></span> <span class='ocrx_word' id='word_1_81' title='bbox 649 1133 757 1208; x_wconf 87' lang='lat' dir='ltr'><strong>verior,</strong></span> <span class='ocrx_word' id='word_1_82' title='bbox 774 1150 867 1210; x_wconf 90' lang='lat' dir='ltr'><strong>aeque</strong></span> <span class='ocrx_word' id='word_1_83' title='bbox 882 1132 1074 1194; x_wconf 80' lang='lat' dir='ltr'><strong>Homericus:</strong></span> <span class='ocrx_word' id='word_1_84' title='bbox 1301 1143 1327 1193; x_wconf 86' lang='lat' dir='ltr'><strong>to</strong></span> 
     </span>
     <span class='ocr_line' id='line_1_12' title="bbox 286 1207 1115 1302; baseline -0.002 -19"><span class='ocrx_word' id='word_1_85' title='bbox 286 1215 371 1283; x_wconf 80' lang='grc' dir='ltr'><strong><em>ἐ’νθα</em></strong></span> <span class='ocrx_word' id='word_1_86' title='bbox 386 1209 416 1281; x_wconf 78' lang='grc' dir='ltr'><strong>δ’</strong></span> <span class='ocrx_word' id='word_1_87' title='bbox 432 1213 494 1302; x_wconf 78' lang='lat' dir='ltr'><strong>syci</strong></span> <span class='ocrx_word' id='word_1_88' title='bbox 511 1215 613 1283; x_wconf 75' lang='grc' dir='ltr'><strong><em>πόλιν</em></strong></span> <span class='ocrx_word' id='word_1_89' title='bbox 628 1213 792 1300; x_wconf 62' lang='lat' dir='ltr'><strong>ingober,</strong></span> <span class='ocrx_word' id='word_1_90' title='bbox 808 1209 919 1280; x_wconf 77' lang='grc' dir='ltr'><strong><em>ιῖἷλεσα</em></strong></span> <span class='ocrx_word' id='word_1_91' title='bbox 935 1211 966 1280; x_wconf 79' lang='grc' dir='ltr'><strong>δ’</strong></span> <span class='ocrx_word' id='word_1_92' title='bbox 987 1207 1115 1293; x_wconf 73' lang='grc' dir='ltr'><strong><em>αὐτούς.</em></strong></span> 
     </span>
    </p>

    <p class='ocr_par' dir='ltr' id='par_1_10' title="bbox 159 1301 1366 2491">
     <span class='ocr_line' id='line_1_13' title="bbox 159 1301 1278 1384; baseline 0.003 -21"><span class='ocrx_word' id='word_1_93' title='bbox 159 1301 178 1363; x_wconf 84' lang='grc'><strong>6</strong></span> <span class='ocrx_word' id='word_1_94' title='bbox 202 1313 230 1366; x_wconf 91' lang='lat' dir='ltr'><strong>et</strong></span> <span class='ocrx_word' id='word_1_95' title='bbox 253 1305 434 1384; x_wconf 79' lang='lat' dir='ltr'><strong>imposuerat</strong></span> <span class='ocrx_word' id='word_1_96' title='bbox 456 1303 575 1366; x_wconf 82' lang='lat' dir='ltr'><strong>Herculi</strong></span> <span class='ocrx_word' id='word_1_97' title='bbox 597 1303 719 1364; x_wconf 92' lang='lat' dir='ltr'><strong>minime</strong></span> <span class='ocrx_word' id='word_1_98' title='bbox 741 1304 837 1377; x_wconf 86' lang='lat' dir='ltr'><strong>valro,</strong></span> <span class='ocrx_word' id='word_1_99' title='bbox 867 1301 925 1363; x_wconf 92' lang='lat' dir='ltr'><strong>nisi</strong></span> <span class='ocrx_word' id='word_1_100' title='bbox 947 1302 1052 1364; x_wconf 87' lang='lat' dir='ltr'><strong>luisset</strong></span> <span class='ocrx_word' id='word_1_101' title='bbox 1072 1303 1133 1364; x_wconf 89' lang='lat' dir='ltr'><strong>illic</strong></span> <span class='ocrx_word' id='word_1_102' title='bbox 1163 1304 1278 1379; x_wconf 85' lang='lat' dir='ltr'><strong>Febris,</strong></span> 
     </span>
     <span class='ocr_line' id='line_1_14' title="bbox 197 1387 1279 1469; baseline 0.001 -19"><span class='ocrx_word' id='word_1_103' title='bbox 197 1407 277 1469; x_wconf 78' lang='lat' dir='ltr'><strong>quae</strong></span> <span class='ocrx_word' id='word_1_104' title='bbox 292 1390 362 1450; x_wconf 87' lang='lat' dir='ltr'><strong>fano</strong></span> <span class='ocrx_word' id='word_1_105' title='bbox 378 1407 431 1450; x_wconf 91' lang='lat' dir='ltr'><strong>sno</strong></span> <span class='ocrx_word' id='word_1_106' title='bbox 447 1388 550 1449; x_wconf 86' lang='lat' dir='ltr'><strong>relicto</strong></span> <span class='ocrx_word' id='word_1_107' title='bbox 565 1389 627 1450; x_wconf 92' lang='lat' dir='ltr'><strong>sola</strong></span> <span class='ocrx_word' id='word_1_108' title='bbox 643 1406 710 1450; x_wconf 91' lang='lat' dir='ltr'><strong>cum</strong></span> <span class='ocrx_word' id='word_1_109' title='bbox 726 1387 776 1449; x_wconf 92' lang='lat' dir='ltr'><strong>illo</strong></span> <span class='ocrx_word' id='word_1_110' title='bbox 791 1394 929 1448; x_wconf 86' lang='lat' dir='ltr'><strong>venerat:</strong></span> <span class='ocrx_word' id='word_1_111' title='bbox 951 1396 1066 1450; x_wconf 89' lang='lat' dir='ltr'><strong>ceteros</strong></span> <span class='ocrx_word' id='word_1_112' title='bbox 1085 1407 1192 1451; x_wconf 89' lang='lat' dir='ltr'><strong>omnes</strong></span> <span class='ocrx_word' id='word_1_113' title='bbox 1206 1390 1279 1452; x_wconf 89' lang='lat' dir='ltr'><strong>deos</strong></span> 
     </span>
     <span class='ocr_line' id='line_1_15' title="bbox 201 1471 1277 1555; baseline 0 -19"><span class='ocrx_word' id='word_1_114' title='bbox 201 1475 312 1536; x_wconf 90' lang='lat' dir='ltr'><strong>Romae</strong></span> <span class='ocrx_word' id='word_1_115' title='bbox 327 1474 495 1554; x_wconf 84' lang='lat' dir='ltr'><strong>reliquerat.</strong></span> <span class='ocrx_word' id='word_1_116' title='bbox 526 1473 600 1536; x_wconf 84' lang='lat' dir='ltr'><strong>‘iste’</strong></span> <span class='ocrx_word' id='word_1_117' title='bbox 615 1474 713 1553; x_wconf 87' lang='lat' dir='ltr'><strong>inquit</strong></span> <span class='ocrx_word' id='word_1_118' title='bbox 728 1479 819 1534; x_wconf 91' lang='lat' dir='ltr'><strong>‘mera</strong></span> <span class='ocrx_word' id='word_1_119' title='bbox 833 1471 987 1534; x_wconf 90' lang='lat' dir='ltr'><strong>mendacia</strong></span> <span class='ocrx_word' id='word_1_120' title='bbox 1005 1481 1114 1534; x_wconf 89' lang='lat' dir='ltr'><strong>narrat.</strong></span> <span class='ocrx_word' id='word_1_121' title='bbox 1146 1493 1203 1555; x_wconf 88' lang='lat' dir='ltr'><strong>ego</strong></span> <span class='ocrx_word' id='word_1_122' title='bbox 1224 1475 1277 1536; x_wconf 90' lang='lat' dir='ltr'><strong>tihi</strong></span> 
     </span>
     <span class='ocr_line' id='line_1_16' title="bbox 202 1558 1364 1684; baseline -0.003 -63"><span class='ocrx_word' id='word_1_123' title='bbox 202 1560 283 1635; x_wconf 93' lang='lat' dir='ltr'><strong>dico,</strong></span> <span class='ocrx_word' id='word_1_124' title='bbox 307 1577 381 1639; x_wconf 90' lang='lat' dir='ltr'><strong>quae</strong></span> <span class='ocrx_word' id='word_1_125' title='bbox 397 1578 465 1622; x_wconf 91' lang='lat' dir='ltr'><strong>cnm</strong></span> <span class='ocrx_word' id='word_1_126' title='bbox 480 1560 530 1621; x_wconf 94' lang='lat' dir='ltr'><strong>illo</strong></span> <span class='ocrx_word' id='word_1_127' title='bbox 544 1560 695 1621; x_wconf 42' lang='lat' dir='ltr'><strong>tot‘annis</strong></span> <span class='ocrx_word' id='word_1_128' title='bbox 717 1558 788 1619; x_wconf 84' lang='lat' dir='ltr'><strong>vixi:</strong></span> <span class='ocrx_word' id='word_1_129' title='bbox 812 1558 972 1638; x_wconf 85' lang='lat' dir='ltr'><strong>Luguduni</strong></span> <span class='ocrx_word' id='word_1_130' title='bbox 995 1565 1081 1619; x_wconf 92' lang='lat' dir='ltr'><strong>natus</strong></span> <span class='ocrx_word' id='word_1_131' title='bbox 1104 1568 1166 1633; x_wconf 87' lang='lat' dir='ltr'><strong>est,</strong></span> <span class='ocrx_word' id='word_1_132' title='bbox 1189 1560 1325 1621; x_wconf 81' lang='lat' dir='ltr'><strong>llarci15</strong></span> <span class='ocrx_word' id='word_1_133' title='bbox 1363 1590 1364 1684; x_wconf 61' lang='lat' dir='ltr'><strong>p</strong></span> 
     </span>
     <span class='ocr_line' id='line_1_17' title="bbox 202 1643 1364 1726; baseline 0.002 -20"><span class='ocrx_word' id='word_1_134' title='bbox 202 1645 384 1726; x_wconf 87' lang='lat' dir='ltr'><strong>municipem</strong></span> <span class='ocrx_word' id='word_1_135' title='bbox 398 1645 487 1707; x_wconf 85' lang='lat' dir='ltr'><strong>vides.</strong></span> <span class='ocrx_word' id='word_1_136' title='bbox 521 1644 601 1724; x_wconf 93' lang='lat' dir='ltr'><strong>quod</strong></span> <span class='ocrx_word' id='word_1_137' title='bbox 615 1643 669 1705; x_wconf 92' lang='lat' dir='ltr'><strong>tihi</strong></span> <span class='ocrx_word' id='word_1_138' title='bbox 685 1661 785 1717; x_wconf 89' lang='lat' dir='ltr'><strong>narro,</strong></span> <span class='ocrx_word' id='word_1_139' title='bbox 801 1645 836 1704; x_wconf 89' lang='lat' dir='ltr'><strong>ad</strong></span> <span class='ocrx_word' id='word_1_140' title='bbox 852 1643 1133 1705; x_wconf 83' lang='lat' dir='ltr'><strong>sextumdecimum</strong></span> <span class='ocrx_word' id='word_1_141' title='bbox 1149 1645 1277 1725; x_wconf 86' lang='lat' dir='ltr'><strong>lapidem</strong></span> <span class='ocrx_word' id='word_1_142' title='bbox 1363 1705 1364 1708; x_wconf 74' lang='grc'>,</span> 
     </span>
     <span class='ocr_line' id='line_1_18' title="bbox 203 1727 1275 1809; baseline -0.002 -17"><span class='ocrx_word' id='word_1_143' title='bbox 203 1739 351 1793; x_wconf 86' lang='lat' dir='ltr'><strong>natusest</strong></span> <span class='ocrx_word' id='word_1_144' title='bbox 371 1731 531 1804; x_wconf 79' lang='lat' dir='ltr'><strong>avicum,</strong></span> <span class='ocrx_word' id='word_1_145' title='bbox 555 1729 654 1791; x_wconf 86' lang='lat' dir='ltr'><strong>Gallus</strong></span> <span class='ocrx_word' id='word_1_146' title='bbox 675 1746 844 1809; x_wconf 87' lang='lat' dir='ltr'><strong>germanus.</strong></span> <span class='ocrx_word' id='word_1_147' title='bbox 875 1729 974 1808; x_wconf 89' lang='lat' dir='ltr'><strong>itaque</strong></span> <span class='ocrx_word' id='word_1_148' title='bbox 996 1727 1077 1806; x_wconf 93' lang='lat' dir='ltr'><strong>quod</strong></span> <span class='ocrx_word' id='word_1_149' title='bbox 1094 1728 1210 1790; x_wconf 82' lang='lat' dir='ltr'><strong>cauum</strong></span> <span class='ocrx_word' id='word_1_150' title='bbox 1233 1732 1275 1791; x_wconf 85' lang='lat' dir='ltr'><strong>la-</strong></span> 
     </span>
     <span class='ocr_line' id='line_1_19' title="bbox 202 1813 1275 1896; baseline -0.002 -18"><span class='ocrx_word' id='word_1_151' title='bbox 202 1834 270 1878; x_wconf 86' lang='lat' dir='ltr'><strong>cere</strong></span> <span class='ocrx_word' id='word_1_152' title='bbox 286 1814 456 1896; x_wconf 83' lang='lat' dir='ltr'><strong>oportebat,</strong></span> <span class='ocrx_word' id='word_1_153' title='bbox 472 1815 595 1876; x_wconf 90' lang='lat' dir='ltr'><strong>Romam</strong></span> <span class='ocrx_word' id='word_1_154' title='bbox 610 1815 697 1895; x_wconf 90' lang='lat' dir='ltr'><strong>cepit.</strong></span> <span class='ocrx_word' id='word_1_155' title='bbox 731 1815 812 1876; x_wconf 89' lang='lat' dir='ltr'><strong>hunc</strong></span> <span class='ocrx_word' id='word_1_156' title='bbox 835 1831 890 1892; x_wconf 88' lang='lat' dir='ltr'><strong>ego</strong></span> <span class='ocrx_word' id='word_1_157' title='bbox 912 1813 965 1874; x_wconf 90' lang='lat' dir='ltr'><strong>tibi</strong></span> <span class='ocrx_word' id='word_1_158' title='bbox 988 1813 1101 1894; x_wconf 90' lang='lat' dir='ltr'><strong>recipio</strong></span> <span class='ocrx_word' id='word_1_159' title='bbox 1116 1814 1275 1894; x_wconf 82' lang='lat' dir='ltr'><strong>Luguduni</strong></span> 
     </span>
     <span class='ocr_line' id='line_1_20' title="bbox 203 1899 1365 1980; baseline -0.002 -18"><span class='ocrx_word' id='word_1_160' title='bbox 203 1909 314 1974; x_wconf 88' lang='lat' dir='ltr'><strong>natum,</strong></span> <span class='ocrx_word' id='word_1_161' title='bbox 330 1899 382 1962; x_wconf 94' lang='lat' dir='ltr'><strong>ubi</strong></span> <span class='ocrx_word' id='word_1_162' title='bbox 398 1900 519 1962; x_wconf 87' lang='lat' dir='ltr'><strong>Licinus</strong></span> <span class='ocrx_word' id='word_1_163' title='bbox 534 1900 634 1962; x_wconf 89' lang='lat' dir='ltr'><strong>multis</strong></span> <span class='ocrx_word' id='word_1_164' title='bbox 651 1899 738 1961; x_wconf 89' lang='lat' dir='ltr'><strong>annis</strong></span> <span class='ocrx_word' id='word_1_165' title='bbox 756 1899 897 1979; x_wconf 88' lang='lat' dir='ltr'><strong>regnavit.</strong></span> <span class='ocrx_word' id='word_1_166' title='bbox 933 1907 966 1958; x_wconf 89' lang='lat' dir='ltr'><strong>tu</strong></span> <span class='ocrx_word' id='word_1_167' title='bbox 987 1905 1101 1973; x_wconf 90' lang='lat' dir='ltr'><strong>autem,</strong></span> <span class='ocrx_word' id='word_1_168' title='bbox 1118 1901 1170 1977; x_wconf 89' lang='lat' dir='ltr'><strong>qui</strong></span> <span class='ocrx_word' id='word_1_169' title='bbox 1192 1900 1275 1980; x_wconf 88' lang='lat' dir='ltr'><strong>plura</strong></span> <span class='ocrx_word' id='word_1_170' title='bbox 1364 1908 1365 1978; x_wconf 74' lang='lat' dir='ltr'><strong>l</strong></span> 
     </span>
     <span class='ocr_line' id='line_1_21' title="bbox 203 1983 1323 2065; baseline -0.002 -19"><span class='ocrx_word' id='word_1_171' title='bbox 203 1987 268 2046; x_wconf 89' lang='lat' dir='ltr'><strong>loca</strong></span> <span class='ocrx_word' id='word_1_172' title='bbox 291 1984 408 2046; x_wconf 89' lang='lat' dir='ltr'><strong>calcasti</strong></span> <span class='ocrx_word' id='word_1_173' title='bbox 431 2003 519 2064; x_wconf 91' lang='lat' dir='ltr'><strong>quam</strong></span> <span class='ocrx_word' id='word_1_174' title='bbox 541 1985 618 2047; x_wconf 88' lang='lat' dir='ltr'><strong>ullus</strong></span> <span class='ocrx_word' id='word_1_175' title='bbox 646 1985 738 2046; x_wconf 89' lang='lat' dir='ltr'><strong>mulio</strong></span> <span class='ocrx_word' id='word_1_176' title='bbox 766 1983 990 2065; x_wconf 90' lang='lat' dir='ltr'><strong>perpetuarius,</strong></span> <span class='ocrx_word' id='word_1_177' title='bbox 1019 1983 1278 2064; x_wconf 83' lang='lat' dir='ltr'><strong>[Lugudunenses]</strong></span> <span class='ocrx_word' id='word_1_178' title='bbox 1298 1995 1323 2044; x_wconf 78' lang='lat' dir='ltr'><strong>ac</strong></span> 
     </span>
     <span class='ocr_line' id='line_1_22' title="bbox 201 2068 1276 2132; baseline 0 0"><span class='ocrx_word' id='word_1_179' title='bbox 201 2070 280 2132; x_wconf 90' lang='lat' dir='ltr'><strong>scire</strong></span> <span class='ocrx_word' id='word_1_180' title='bbox 296 2068 387 2131; x_wconf 93' lang='lat' dir='ltr'><strong>debes</strong></span> <span class='ocrx_word' id='word_1_181' title='bbox 400 2070 493 2132; x_wconf 89' lang='lat' dir='ltr'><strong>multa</strong></span> <span class='ocrx_word' id='word_1_182' title='bbox 507 2069 586 2130; x_wconf 93' lang='lat' dir='ltr'><strong>milia</strong></span> <span class='ocrx_word' id='word_1_183' title='bbox 605 2069 683 2131; x_wconf 90' lang='lat' dir='ltr'><strong>inter</strong></span> <span class='ocrx_word' id='word_1_184' title='bbox 696 2069 847 2131; x_wconf 88' lang='lat' dir='ltr'><strong>Xanthum</strong></span> <span class='ocrx_word' id='word_1_185' title='bbox 869 2077 899 2130; x_wconf 91' lang='lat' dir='ltr'><strong>et</strong></span> <span class='ocrx_word' id='word_1_186' title='bbox 912 2069 1090 2130; x_wconf 84' lang='lat' dir='ltr'><strong>Rhodanum</strong></span> <span class='ocrx_word' id='word_1_187' title='bbox 1113 2069 1276 2132; x_wconf 67' lang='lat' dir='ltr'><strong>interesse!</strong></span> 
     </span>
     <span class='ocr_line' id='line_1_23' title="bbox 203 2154 1276 2235; baseline -0.001 -18"><span class='ocrx_word' id='word_1_188' title='bbox 203 2155 391 2218; x_wconf 87' lang='lat' dir='ltr'><strong>excandescit</strong></span> <span class='ocrx_word' id='word_1_189' title='bbox 405 2156 462 2216; x_wconf 95' lang='lat' dir='ltr'><strong>hoc</strong></span> <span class='ocrx_word' id='word_1_190' title='bbox 477 2156 543 2216; x_wconf 92' lang='lat' dir='ltr'><strong>loco</strong></span> <span class='ocrx_word' id='word_1_191' title='bbox 560 2154 697 2218; x_wconf 84' lang='lat' dir='ltr'><strong>Claudius</strong></span> <span class='ocrx_word' id='word_1_192' title='bbox 720 2163 748 2216; x_wconf 92' lang='lat' dir='ltr'><strong>et</strong></span> <span class='ocrx_word' id='word_1_193' title='bbox 764 2162 875 2235; x_wconf 88' lang='lat' dir='ltr'><strong>quanto</strong></span> <span class='ocrx_word' id='word_1_194' title='bbox 887 2161 986 2234; x_wconf 87' lang='lat' dir='ltr'><strong>petest</strong></span> <span class='ocrx_word' id='word_1_195' title='bbox 1000 2171 1154 2215; x_wconf 90' lang='lat' dir='ltr'><strong>murmure</strong></span> <span class='ocrx_word' id='word_1_196' title='bbox 1174 2156 1276 2218; x_wconf 87' lang='lat' dir='ltr'><strong>irasci-</strong></span> 
     </span>
     <span class='ocr_line' id='line_1_24' title="bbox 202 2226 1366 2321; baseline 0.003 -19"><span class='ocrx_word' id='word_1_197' title='bbox 202 2251 262 2302; x_wconf 91' lang='lat' dir='ltr'><strong>tur.</strong></span> <span class='ocrx_word' id='word_1_198' title='bbox 301 2241 371 2321; x_wconf 87' lang='lat' dir='ltr'><strong>quid</strong></span> <span class='ocrx_word' id='word_1_199' title='bbox 394 2240 522 2316; x_wconf 86' lang='lat' dir='ltr'><strong>diceret,</strong></span> <span class='ocrx_word' id='word_1_200' title='bbox 545 2258 633 2303; x_wconf 90' lang='lat' dir='ltr'><strong>nemo</strong></span> <span class='ocrx_word' id='word_1_201' title='bbox 655 2239 861 2320; x_wconf 87' lang='lat' dir='ltr'><strong>intellegebat,</strong></span> <span class='ocrx_word' id='word_1_202' title='bbox 885 2239 933 2300; x_wconf 90' lang='lat' dir='ltr'><strong>ille</strong></span> <span class='ocrx_word' id='word_1_203' title='bbox 955 2246 1052 2300; x_wconf 83' lang='lat' dir='ltr'><strong>autem</strong></span> <span class='ocrx_word' id='word_1_204' title='bbox 1068 2239 1187 2301; x_wconf 87' lang='lat' dir='ltr'><strong>Febrim</strong></span> <span class='ocrx_word' id='word_1_205' title='bbox 1210 2241 1275 2302; x_wconf 94' lang='lat' dir='ltr'><strong>duci</strong></span> <span class='ocrx_word' id='word_1_206' title='bbox 1365 2226 1366 2306; x_wconf 83' lang='lat' dir='ltr'><strong>l</strong></span> 
     </span>
     <span class='ocr_line' id='line_1_25' title="bbox 204 2307 1366 2407; baseline 0 -20"><span class='ocrx_word' id='word_1_207' title='bbox 204 2326 334 2388; x_wconf 90' lang='lat' dir='ltr'><strong>iubebat.</strong></span> <span class='ocrx_word' id='word_1_208' title='bbox 366 2325 416 2387; x_wconf 94' lang='lat' dir='ltr'><strong>illo</strong></span> <span class='ocrx_word' id='word_1_209' title='bbox 432 2335 516 2407; x_wconf 88' lang='lat' dir='ltr'><strong>gestu</strong></span> <span class='ocrx_word' id='word_1_210' title='bbox 531 2328 644 2388; x_wconf 90' lang='lat' dir='ltr'><strong>solutae</strong></span> <span class='ocrx_word' id='word_1_211' title='bbox 659 2345 765 2388; x_wconf 88' lang='lat' dir='ltr'><strong>manus</strong></span> <span class='ocrx_word' id='word_1_212' title='bbox 780 2325 859 2387; x_wconf 90' lang='lat' dir='ltr'><strong>etad</strong></span> <span class='ocrx_word' id='word_1_213' title='bbox 881 2325 938 2386; x_wconf 92' lang='lat' dir='ltr'><strong>hoc</strong></span> <span class='ocrx_word' id='word_1_214' title='bbox 958 2341 1052 2384; x_wconf 90' lang='lat' dir='ltr'><strong>unum</strong></span> <span class='ocrx_word' id='word_1_215' title='bbox 1074 2325 1144 2386; x_wconf 88' lang='lat' dir='ltr'><strong>satis</strong></span> <span class='ocrx_word' id='word_1_216' title='bbox 1164 2327 1275 2398; x_wconf 87' lang='lat' dir='ltr'><strong>firmae,</strong></span> <span class='ocrx_word' id='word_1_217' title='bbox 1365 2307 1366 2350; x_wconf 51' lang='grc' dir='ltr'><strong><em>λ</em></strong></span> 
     </span>
     <span class='ocr_line' id='line_1_26' title="bbox 205 2409 1322 2491; baseline -0.004 -19"><span class='ocrx_word' id='word_1_218' title='bbox 205 2429 266 2490; x_wconf 89' lang='lat' dir='ltr'><strong>quc</strong></span> <span class='ocrx_word' id='word_1_219' title='bbox 281 2411 428 2474; x_wconf 91' lang='lat' dir='ltr'><strong>decoHare</strong></span> <span class='ocrx_word' id='word_1_220' title='bbox 443 2413 579 2474; x_wconf 89' lang='lat' dir='ltr'><strong>homines</strong></span> <span class='ocrx_word' id='word_1_221' title='bbox 594 2411 717 2486; x_wconf 85' lang='lat' dir='ltr'><strong>solebat,</strong></span> <span class='ocrx_word' id='word_1_222' title='bbox 733 2412 859 2473; x_wconf 89' lang='lat' dir='ltr'><strong>iusserat</strong></span> <span class='ocrx_word' id='word_1_223' title='bbox 872 2409 914 2470; x_wconf 91' lang='lat' dir='ltr'><strong>illi</strong></span> <span class='ocrx_word' id='word_1_224' title='bbox 930 2409 1038 2470; x_wconf 86' lang='lat' dir='ltr'><strong>collum</strong></span> <span class='ocrx_word' id='word_1_225' title='bbox 1051 2409 1193 2488; x_wconf 88' lang='lat' dir='ltr'><strong>praecidi.</strong></span> <span class='ocrx_word' id='word_1_226' title='bbox 1222 2430 1277 2491; x_wconf 92' lang='lat' dir='ltr'><strong>pu·</strong></span> <span class='ocrx_word' id='word_1_227' title='bbox 1298 2419 1322 2468; x_wconf 68' lang='grc' dir='ltr'><strong>ει</strong></span> 
     </span>
    </p>

    <p class='ocr_par' dir='ltr' id='par_1_11' title="bbox 164 2493 1277 2830">
     <span class='ocr_line' id='line_1_27' title="bbox 164 2493 1276 2560; baseline 0.003 -6"><span class='ocrx_word' id='word_1_228' title='bbox 164 2494 181 2554; x_wconf 87' lang='lat'><strong>7</strong></span> <span class='ocrx_word' id='word_1_229' title='bbox 205 2505 283 2560; x_wconf 89' lang='lat' dir='ltr'><strong>tares</strong></span> <span class='ocrx_word' id='word_1_230' title='bbox 299 2515 402 2560; x_wconf 89' lang='lat' dir='ltr'><strong>omnes</strong></span> <span class='ocrx_word' id='word_1_231' title='bbox 417 2497 495 2559; x_wconf 90' lang='lat' dir='ltr'><strong>illius</strong></span> <span class='ocrx_word' id='word_1_232' title='bbox 510 2516 574 2560; x_wconf 90' lang='lat' dir='ltr'><strong>esse</strong></span> <span class='ocrx_word' id='word_1_233' title='bbox 589 2496 727 2559; x_wconf 83' lang='lat' dir='ltr'><strong>libertos:</strong></span> <span class='ocrx_word' id='word_1_234' title='bbox 751 2496 823 2557; x_wconf 92' lang='lat' dir='ltr'><strong>adeo</strong></span> <span class='ocrx_word' id='word_1_235' title='bbox 840 2495 924 2556; x_wconf 90' lang='lat' dir='ltr'><strong>illum</strong></span> <span class='ocrx_word' id='word_1_236' title='bbox 942 2512 1030 2556; x_wconf 91' lang='lat' dir='ltr'><strong>nemo</strong></span> <span class='ocrx_word' id='word_1_237' title='bbox 1052 2493 1185 2557; x_wconf 89' lang='lat' dir='ltr'><strong>curabat.</strong></span> <span class='ocrx_word' id='word_1_238' title='bbox 1214 2504 1276 2557; x_wconf 90' lang='lat' dir='ltr'><strong>tum</strong></span> 
     </span>
     <span class='ocr_line' id='line_1_28' title="bbox 206 2579 1277 2661; baseline 0 -19"><span class='ocrx_word' id='word_1_239' title='bbox 206 2581 349 2644; x_wconf 89' lang='lat' dir='ltr'><strong>Hercules</strong></span> <span class='ocrx_word' id='word_1_240' title='bbox 366 2581 444 2643; x_wconf 81' lang='lat' dir='ltr'><strong>‘audi</strong></span> <span class='ocrx_word' id='word_1_241' title='bbox 466 2583 523 2642; x_wconf 90' lang='lat' dir='ltr'><strong>me&#39;</strong></span> <span class='ocrx_word' id='word_1_242' title='bbox 544 2583 641 2661; x_wconf 86' lang='lat' dir='ltr'><strong>inquit</strong></span> <span class='ocrx_word' id='word_1_243' title='bbox 665 2588 706 2642; x_wconf 86' lang='lat' dir='ltr'><strong>‘tu</strong></span> <span class='ocrx_word' id='word_1_244' title='bbox 729 2581 831 2644; x_wconf 90' lang='lat' dir='ltr'><strong>desine</strong></span> <span class='ocrx_word' id='word_1_245' title='bbox 851 2579 966 2641; x_wconf 90' lang='lat' dir='ltr'><strong>fatuari.</strong></span> <span class='ocrx_word' id='word_1_246' title='bbox 1003 2579 1109 2640; x_wconf 87' lang='lat' dir='ltr'><strong>venisti</strong></span> <span class='ocrx_word' id='word_1_247' title='bbox 1130 2581 1206 2656; x_wconf 88' lang='lat' dir='ltr'><strong>huc,</strong></span> <span class='ocrx_word' id='word_1_248' title='bbox 1228 2581 1277 2642; x_wconf 93' lang='lat' dir='ltr'><strong>ubi</strong></span> 
     </span>
     <span class='ocr_line' id='line_1_29' title="bbox 206 2662 1277 2744; baseline -0.004 -15"><span class='ocrx_word' id='word_1_249' title='bbox 206 2685 305 2729; x_wconf 88' lang='lat' dir='ltr'><strong>mures</strong></span> <span class='ocrx_word' id='word_1_250' title='bbox 320 2668 432 2728; x_wconf 83' lang='lat' dir='ltr'><strong>ferrum</strong></span> <span class='ocrx_word' id='word_1_251' title='bbox 448 2667 567 2728; x_wconf 92' lang='lat' dir='ltr'><strong>rodunt.</strong></span> <span class='ocrx_word' id='word_1_252' title='bbox 612 2666 698 2728; x_wconf 90' lang='lat' dir='ltr'><strong>eitius</strong></span> <span class='ocrx_word' id='word_1_253' title='bbox 712 2666 784 2726; x_wconf 92' lang='lat' dir='ltr'><strong>mihi</strong></span> <span class='ocrx_word' id='word_1_254' title='bbox 797 2683 916 2740; x_wconf 87' lang='lat' dir='ltr'><strong>verum,</strong></span> <span class='ocrx_word' id='word_1_255' title='bbox 939 2683 977 2725; x_wconf 91' lang='lat' dir='ltr'><strong>ne</strong></span> <span class='ocrx_word' id='word_1_256' title='bbox 992 2662 1046 2724; x_wconf 93' lang='lat' dir='ltr'><strong>tihi</strong></span> <span class='ocrx_word' id='word_1_257' title='bbox 1061 2663 1171 2744; x_wconf 89' lang='lat' dir='ltr'><strong>alogias</strong></span> <span class='ocrx_word' id='word_1_258' title='bbox 1189 2683 1277 2728; x_wconf 84' lang='lat' dir='ltr'><strong>eren·</strong></span> 
     </span>
     <span class='ocr_line' id='line_1_30' title="bbox 205 2749 1010 2830; baseline -0.004 -18"><span class='ocrx_word' id='word_1_259' title='bbox 205 2751 294 2812; x_wconf 92' lang='lat' dir='ltr'><strong>tiam’.</strong></span> <span class='ocrx_word' id='word_1_260' title='bbox 325 2759 354 2813; x_wconf 89' lang='lat' dir='ltr'><strong>et</strong></span> <span class='ocrx_word' id='word_1_261' title='bbox 368 2769 429 2830; x_wconf 87' lang='lat' dir='ltr'><strong>quo</strong></span> <span class='ocrx_word' id='word_1_262' title='bbox 443 2750 604 2812; x_wconf 87' lang='lat' dir='ltr'><strong>terribilior</strong></span> <span class='ocrx_word' id='word_1_263' title='bbox 619 2761 704 2826; x_wconf 87' lang='lat' dir='ltr'><strong>esset,</strong></span> <span class='ocrx_word' id='word_1_264' title='bbox 719 2751 850 2830; x_wconf 80' lang='lat' dir='ltr'><strong>tragicus</strong></span> <span class='ocrx_word' id='word_1_265' title='bbox 864 2753 898 2811; x_wconf 87' lang='lat' dir='ltr'><strong>lit</strong></span> <span class='ocrx_word' id='word_1_266' title='bbox 913 2757 942 2811; x_wconf 90' lang='lat' dir='ltr'><strong>et</strong></span> <span class='ocrx_word' id='word_1_267' title='bbox 956 2749 1010 2810; x_wconf 88' lang='lat' dir='ltr'><strong>ait:</strong></span> 
     </span>
    </p>

    <p class='ocr_par' dir='ltr' id='par_1_12' title="bbox 290 2835 1326 3767">
     <span class='ocr_line' id='line_1_31' title="bbox 358 2835 1324 2917; baseline -0.004 -20"><span class='ocrx_word' id='word_1_268' title='bbox 358 2839 508 2917; x_wconf 83' lang='lat' dir='ltr'><strong>‘exprome</strong></span> <span class='ocrx_word' id='word_1_269' title='bbox 523 2853 661 2916; x_wconf 88' lang='lat' dir='ltr'><strong>propere,</strong></span> <span class='ocrx_word' id='word_1_270' title='bbox 678 2836 747 2898; x_wconf 92' lang='lat' dir='ltr'><strong>sede</strong></span> <span class='ocrx_word' id='word_1_271' title='bbox 763 2853 821 2914; x_wconf 90' lang='lat' dir='ltr'><strong>qua</strong></span> <span class='ocrx_word' id='word_1_272' title='bbox 836 2835 954 2914; x_wconf 87' lang='lat' dir='ltr'><strong>genitus</strong></span> <span class='ocrx_word' id='word_1_273' title='bbox 969 2835 1058 2908; x_wconf 91' lang='lat' dir='ltr'><strong>eluas,</strong></span> <span class='ocrx_word' id='word_1_274' title='bbox 1299 2844 1324 2894; x_wconf 81' lang='lat' dir='ltr'><strong>ae</strong></span> 
     </span>
     <span class='ocr_line' id='line_1_32' title="bbox 360 2919 1091 3002; baseline -0.001 -20"><span class='ocrx_word' id='word_1_275' title='bbox 360 2921 417 2983; x_wconf 92' lang='lat' dir='ltr'><strong>hoc</strong></span> <span class='ocrx_word' id='word_1_276' title='bbox 432 2940 470 2983; x_wconf 90' lang='lat' dir='ltr'><strong>ne</strong></span> <span class='ocrx_word' id='word_1_277' title='bbox 485 2930 658 3002; x_wconf 89' lang='lat' dir='ltr'><strong>peremptus</strong></span> <span class='ocrx_word' id='word_1_278' title='bbox 673 2921 772 3002; x_wconf 87' lang='lat' dir='ltr'><strong>stipite</strong></span> <span class='ocrx_word' id='word_1_279' title='bbox 787 2921 822 2982; x_wconf 91' lang='lat' dir='ltr'><strong>ad</strong></span> <span class='ocrx_word' id='word_1_280' title='bbox 836 2929 945 2982; x_wconf 90' lang='lat' dir='ltr'><strong>terram</strong></span> <span class='ocrx_word' id='word_1_281' title='bbox 961 2919 1091 2994; x_wconf 80' lang='lat' dir='ltr'><strong>aecidas3</strong></span> 
     </span>
     <span class='ocr_line' id='line_1_33' title="bbox 360 3007 986 3088; baseline -0.005 -20"><span class='ocrx_word' id='word_1_282' title='bbox 360 3007 433 3070; x_wconf 93' lang='lat' dir='ltr'><strong>haec</strong></span> <span class='ocrx_word' id='word_1_283' title='bbox 449 3007 528 3069; x_wconf 87' lang='lat' dir='ltr'><strong>clava</strong></span> <span class='ocrx_word' id='word_1_284' title='bbox 543 3025 629 3087; x_wconf 89' lang='lat' dir='ltr'><strong>reges</strong></span> <span class='ocrx_word' id='word_1_285' title='bbox 644 3026 732 3088; x_wconf 89' lang='lat' dir='ltr'><strong>saepe</strong></span> <span class='ocrx_word' id='word_1_286' title='bbox 746 3007 883 3068; x_wconf 88' lang='lat' dir='ltr'><strong>mactavit</strong></span> <span class='ocrx_word' id='word_1_287' title='bbox 897 3007 986 3067; x_wconf 87' lang='lat' dir='ltr'><strong>leros.</strong></span> 
     </span>
     <span class='ocr_line' id='line_1_34' title="bbox 361 3086 1009 3172; baseline -0.006 -18"><span class='ocrx_word' id='word_1_288' title='bbox 361 3094 431 3172; x_wconf 90' lang='lat' dir='ltr'><strong>quid</strong></span> <span class='ocrx_word' id='word_1_289' title='bbox 448 3112 529 3155; x_wconf 92' lang='lat' dir='ltr'><strong>nunc</strong></span> <span class='ocrx_word' id='word_1_290' title='bbox 545 3095 662 3172; x_wconf 85' lang='lat' dir='ltr'><strong>prolatu</strong></span> <span class='ocrx_word' id='word_1_291' title='bbox 676 3092 757 3154; x_wconf 89' lang='lat' dir='ltr'><strong>vocis</strong></span> <span class='ocrx_word' id='word_1_292' title='bbox 770 3092 885 3153; x_wconf 92' lang='lat' dir='ltr'><strong>incerto</strong></span> <span class='ocrx_word' id='word_1_293' title='bbox 899 3086 1009 3152; x_wconf 80' lang='lat' dir='ltr'><strong>sonasl</strong></span> 
     </span>
     <span class='ocr_line' id='line_1_35' title="bbox 362 3170 1099 3258; baseline -0.005 -20"><span class='ocrx_word' id='word_1_294' title='bbox 362 3195 438 3257; x_wconf 89' lang='lat' dir='ltr'><strong>quae</strong></span> <span class='ocrx_word' id='word_1_295' title='bbox 453 3179 556 3258; x_wconf 90' lang='lat' dir='ltr'><strong>patria,</strong></span> <span class='ocrx_word' id='word_1_296' title='bbox 571 3196 646 3257; x_wconf 92' lang='lat' dir='ltr'><strong>quae</strong></span> <span class='ocrx_word' id='word_1_297' title='bbox 662 3196 735 3258; x_wconf 90' lang='lat' dir='ltr'><strong>gens</strong></span> <span class='ocrx_word' id='word_1_298' title='bbox 750 3176 859 3238; x_wconf 89' lang='lat' dir='ltr'><strong>mobile</strong></span> <span class='ocrx_word' id='word_1_299' title='bbox 874 3174 974 3237; x_wconf 82' lang='lat' dir='ltr'><strong>eduxit</strong></span> <span class='ocrx_word' id='word_1_300' title='bbox 988 3170 1099 3254; x_wconf 76' lang='lat' dir='ltr'><strong>capuli</strong></span> 
     </span>
     <span class='ocr_line' id='line_1_36' title="bbox 290 3261 1325 3343; baseline -0.005 -20"><span class='ocrx_word' id='word_1_301' title='bbox 290 3297 298 3316; x_wconf 85' lang='lat'><strong>·.</strong></span> <span class='ocrx_word' id='word_1_302' title='bbox 362 3263 498 3325; x_wconf 88' lang='lat' dir='ltr'><strong>edissere.</strong></span> <span class='ocrx_word' id='word_1_303' title='bbox 529 3263 665 3343; x_wconf 90' lang='lat' dir='ltr'><strong>equidem</strong></span> <span class='ocrx_word' id='word_1_304' title='bbox 680 3279 771 3343; x_wconf 87' lang='lat' dir='ltr'><strong>regna</strong></span> <span class='ocrx_word' id='word_1_305' title='bbox 787 3261 943 3341; x_wconf 86' lang='lat' dir='ltr'><strong>tergemini</strong></span> <span class='ocrx_word' id='word_1_306' title='bbox 957 3267 1063 3339; x_wconf 91' lang='lat' dir='ltr'><strong>petens</strong></span> <span class='ocrx_word' id='word_1_307' title='bbox 1298 3269 1325 3318; x_wconf 76' lang='lat'><strong>35</strong></span> 
     </span>
     <span class='ocr_line' id='line_1_37' title="bbox 361 3345 1022 3429; baseline -0.006 -22"><span class='ocrx_word' id='word_1_308' title='bbox 361 3348 524 3429; x_wconf 90' lang='lat' dir='ltr'><strong>longinqua</strong></span> <span class='ocrx_word' id='word_1_309' title='bbox 538 3348 626 3427; x_wconf 89' lang='lat' dir='ltr'><strong>regis,</strong></span> <span class='ocrx_word' id='word_1_310' title='bbox 642 3347 722 3410; x_wconf 90' lang='lat' dir='ltr'><strong>unde</strong></span> <span class='ocrx_word' id='word_1_311' title='bbox 737 3346 773 3407; x_wconf 93' lang='lat' dir='ltr'><strong>ab</strong></span> <span class='ocrx_word' id='word_1_312' title='bbox 789 3346 932 3426; x_wconf 90' lang='lat' dir='ltr'><strong>Hesperio</strong></span> <span class='ocrx_word' id='word_1_313' title='bbox 948 3345 1022 3406; x_wconf 91' lang='lat' dir='ltr'><strong>mari</strong></span> 
     </span>
     <span class='ocr_line' id='line_1_38' title="bbox 363 3431 1030 3512; baseline -0.001 -20"><span class='ocrx_word' id='word_1_314' title='bbox 363 3431 512 3495; x_wconf 90' lang='lat' dir='ltr'><strong>lnachiam</strong></span> <span class='ocrx_word' id='word_1_315' title='bbox 528 3434 564 3494; x_wconf 93' lang='lat' dir='ltr'><strong>ad</strong></span> <span class='ocrx_word' id='word_1_316' title='bbox 578 3433 684 3494; x_wconf 89' lang='lat' dir='ltr'><strong>urbem</strong></span> <span class='ocrx_word' id='word_1_317' title='bbox 700 3431 800 3494; x_wconf 90' lang='lat' dir='ltr'><strong>nobile</strong></span> <span class='ocrx_word' id='word_1_318' title='bbox 815 3431 916 3492; x_wconf 82' lang='lat' dir='ltr'><strong>advexi</strong></span> <span class='ocrx_word' id='word_1_319' title='bbox 930 3447 1030 3512; x_wconf 89' lang='lat' dir='ltr'><strong>peeus,</strong></span> 
     </span>
     <span class='ocr_line' id='line_1_39' title="bbox 362 3517 959 3596; baseline 0.003 -21"><span class='ocrx_word' id='word_1_320' title='bbox 362 3517 420 3579; x_wconf 87' lang='lat' dir='ltr'><strong>vidi</strong></span> <span class='ocrx_word' id='word_1_321' title='bbox 435 3519 551 3580; x_wconf 90' lang='lat' dir='ltr'><strong>duobus</strong></span> <span class='ocrx_word' id='word_1_322' title='bbox 566 3518 725 3580; x_wconf 88' lang='lat' dir='ltr'><strong>imminens</strong></span> <span class='ocrx_word' id='word_1_323' title='bbox 739 3517 835 3580; x_wconf 89' lang='lat' dir='ltr'><strong>fluviis</strong></span> <span class='ocrx_word' id='word_1_324' title='bbox 847 3518 959 3596; x_wconf 88' lang='lat' dir='ltr'><strong>iugum,</strong></span> 
     </span>
     <span class='ocr_line' id='line_1_40' title="bbox 364 3600 1056 3683; baseline -0.004 -21"><span class='ocrx_word' id='word_1_325' title='bbox 364 3602 444 3681; x_wconf 90' lang='lat' dir='ltr'><strong>quod</strong></span> <span class='ocrx_word' id='word_1_326' title='bbox 459 3603 597 3665; x_wconf 91' lang='lat' dir='ltr'><strong>Phcchus</strong></span> <span class='ocrx_word' id='word_1_327' title='bbox 612 3612 680 3665; x_wconf 90' lang='lat' dir='ltr'><strong>ortu</strong></span> <span class='ocrx_word' id='word_1_328' title='bbox 695 3621 812 3683; x_wconf 87' lang='lat' dir='ltr'><strong>semper</strong></span> <span class='ocrx_word' id='word_1_329' title='bbox 826 3601 951 3664; x_wconf 83' lang='lat' dir='ltr'><strong>obverso</strong></span> <span class='ocrx_word' id='word_1_330' title='bbox 968 3600 1056 3671; x_wconf 89' lang='lat' dir='ltr'><strong>ridet,</strong></span> 
     </span>
     <span class='ocr_line' id='line_1_41' title="bbox 363 3683 1326 3767; baseline -0.004 -20"><span class='ocrx_word' id='word_1_331' title='bbox 363 3687 413 3748; x_wconf 91' lang='lat' dir='ltr'><strong>nbi</strong></span> <span class='ocrx_word' id='word_1_332' title='bbox 429 3687 591 3750; x_wconf 87' lang='lat' dir='ltr'><strong>Rhodanus</strong></span> <span class='ocrx_word' id='word_1_333' title='bbox 605 3687 713 3767; x_wconf 89' lang='lat' dir='ltr'><strong>ingens</strong></span> <span class='ocrx_word' id='word_1_334' title='bbox 727 3706 815 3749; x_wconf 90' lang='lat' dir='ltr'><strong>amne</strong></span> <span class='ocrx_word' id='word_1_335' title='bbox 830 3687 1005 3767; x_wconf 90' lang='lat' dir='ltr'><strong>praerapido</strong></span> <span class='ocrx_word' id='word_1_336' title='bbox 1020 3683 1093 3757; x_wconf 84' lang='lat' dir='ltr'><strong>huit,</strong></span> <span class='ocrx_word' id='word_1_337' title='bbox 1299 3693 1326 3744; x_wconf 78' lang='lat'><strong>40</strong></span> 
     </span>
    </p>
   </div>
   <div class='ocr_carea' id='block_1_3' title="bbox 209 3816 413 3832">
    <p class='ocr_par' dir='ltr' id='par_1_13' title="bbox 209 3816 413 3832">
     <span class='ocr_line' id='line_1_42' title="bbox 209 3816 413 3832; baseline -0.005 1"><span class='ocrx_word' id='word_1_338' title='bbox 209 3816 413 3832; x_wconf 42' lang='grc' dir='ltr'><strong>-ᾖ</strong></span> 
     </span>
    </p>
   </div>
   <div class='ocr_carea' id='block_1_4' title="bbox 211 3881 1281 4017">
    <p class='ocr_par' dir='ltr' id='par_1_14' title="bbox 211 3881 1281 4017">
     <span class='ocr_line' id='line_1_43' title="bbox 298 3881 1279 3954; baseline -0.003 -17"><span class='ocrx_word' id='word_1_339' title='bbox 298 3888 329 3938; x_wconf 83' lang='grc'><strong>10</strong></span> <span class='ocrx_word' id='word_1_340' title='bbox 346 3901 428 3954; x_wconf 86' lang='lat' dir='ltr'><strong>aeque</strong></span> <span class='ocrx_word' id='word_1_341' title='bbox 440 3887 588 3940; x_wconf 83' lang='lat' dir='ltr'><strong>Homericus</strong></span> <span class='ocrx_word' id='word_1_342' title='bbox 600 3891 720 3952; x_wconf 71' lang='lat' dir='ltr'><strong>suspecta</strong></span> <span class='ocrx_word' id='word_1_343' title='bbox 734 3885 744 3952; x_wconf 81' lang='lat' dir='ltr'><strong>ll</strong></span> <span class='ocrx_word' id='word_1_344' title='bbox 758 3888 789 3938; x_wconf 68' lang='grc' dir='ltr'><strong>Π</strong></span> <span class='ocrx_word' id='word_1_345' title='bbox 801 3885 898 3935; x_wconf 84' lang='lat' dir='ltr'><strong>homini</strong></span> <span class='ocrx_word' id='word_1_346' title='bbox 914 3885 1019 3935; x_wconf 86' lang='lat' dir='ltr'><strong>minime</strong></span> <span class='ocrx_word' id='word_1_347' title='bbox 1031 3885 1126 3934; x_wconf 77' lang='lat' dir='ltr'><strong>lunius</strong></span> <span class='ocrx_word' id='word_1_348' title='bbox 1139 3881 1149 3949; x_wconf 81' lang='lat' dir='ltr'><strong>l</strong></span> <span class='ocrx_word' id='word_1_349' title='bbox 1162 3886 1193 3936; x_wconf 79' lang='lat'><strong>15</strong></span> <span class='ocrx_word' id='word_1_350' title='bbox 1207 3883 1279 3936; x_wconf 84' lang='lat' dir='ltr'><strong>merci</strong></span> 
     </span>
     <span class='ocr_line' id='line_1_44' title="bbox 211 3945 1281 4017; baseline 0.001 -16"><span class='ocrx_word' id='word_1_351' title='bbox 211 3957 366 4016; x_wconf 76' lang='lat' dir='ltr'><strong>corruptum</strong></span> <span class='ocrx_word' id='word_1_352' title='bbox 382 3969 417 4003; x_wconf 79' lang='grc' dir='ltr'><strong>αα.</strong></span> <span class='ocrx_word' id='word_1_353' title='bbox 429 3956 537 4004; x_wconf 80' lang='lat' dir='ltr'><strong>nomine</strong></span> <span class='ocrx_word' id='word_1_354' title='bbox 552 3956 650 4017; x_wconf 77' lang='lat' dir='ltr'><strong>opinor</strong></span> <span class='ocrx_word' id='word_1_355' title='bbox 660 3953 770 4015; x_wconf 77' lang='lat' dir='ltr'><strong>gallico,</strong></span> <span class='ocrx_word' id='word_1_356' title='bbox 785 3950 820 4012; x_wconf 77' lang='lat' dir='ltr'><strong>ef.</strong></span> <span class='ocrx_word' id='word_1_357' title='bbox 828 3945 937 4016; x_wconf 79' lang='grc' dir='ltr'><strong><em>μάρκαν</em></strong></span> <span class='ocrx_word' id='word_1_358' title='bbox 952 3965 1035 4011; x_wconf 76' lang='lat' dir='ltr'><strong>emam,</strong></span> <span class='ocrx_word' id='word_1_359' title='bbox 1049 3948 1281 4017; x_wconf 73' lang='lat' dir='ltr'><strong>Marcomagumal.</strong></span> 
     </span>
    </p>
   </div>
   <div class='ocr_carea' id='block_1_5' title="bbox 0 0 1405 4480">
    <p class='ocr_par' dir='ltr' id='par_1_15' title="bbox 0 0 1405 4480">
     <span class='ocr_line' id='line_1_45' title="bbox 0 0 1405 4480; baseline 0 0"><span class='ocrx_word' id='word_1_360' title='bbox 0 0 1405 4480; x_wconf 95' lang='lat' dir='ltr'><strong> </strong></span> 
     </span>
    </p>
   </div>
  </div>
 </body>
</html>
