2768 4480
560 211 747 268 numerumn

574 388 653 450 XXII
668 391 734 465 (24)

225 490 276 570 qui
291 509 322 552 44
337 490 368 552 44
384 508 511 570 ganeum
527 508 685 554 accensum
701 493 830 555 oonieeit
844 493 954 555 amicae

568 608 661 670 xxru
677 610 741 689 (4ο)

1216 505 1260 558 484

224 710 294 790 quid
310 712 390 772 enim
405 720 449 774 est
465 712 543 792 quod
563 713 652 774 homo
675 712 823 776 masculus
845 713 996 776 lubentius
1017 714 1116 776 videre
1138 715 1190 776 de·
1214 724 1258 776 482

100 798 185 860 beat
200 794 275 859 heila
291 794 406 858 uxorei

561 881 669 943 XXIIII
685 885 749 958 (244

223 1001 314 1044 unam
331 983 406 1044 viam
421 983 543 1045 Zenona
564 985 696 1046 munisse
716 983 791 1045 duee
811 985 928 1060 virtute,
950 986 1027 1046 hane
1048 1004 1112 1047 esse
1135 1005 1190 1047 no·

102 1070 216 1134 bilem.
247 1067 367 1130 aiteram
384 1067 565 1130 Carneadem
579 1069 771 1132 desubulasse
785 1069 865 1132 bona
881 1071 1016 1150 eorporis
1031 1079 1165 1134 secutum

574 1187 651 1248 XXV
667 1191 733 1264 425)

223 1289 344 1350 alteram
358 1289 434 1350 viam
450 1290 629 1352 deformasse
645 1289 826 1352 Carneadem
842 1291 958 1352 virtutis
974 1310 990 1352 4
1008 1291 1093 1374 cupis
1114 1291 1190 1352 aeris

107 1376 191 1440 aoeri

563 1488 741 1542 snxnonsrs

321 1731 338 1773 o
355 1712 443 1773 stulta
459 1711 552 1773 nostri
567 1711 696 1792 pectoris
711 1711 847 1772 dormitio

320 1796 483 1875 vigilabilis‚
500 1814 576 1876 quae
592 1814 639 1858 me
654 1795 785 1876 puellum
801 1796 986 1876 impuberem

321 1881 424 1962 cepisti
758 1933 761 1940 ,
1079 1885 1082 1894 ’

600 1967 627 2027 II
642 1967 708 2045 (13)

322 2068 398 2130 addet
413 2067 495 2128 adest
509 2068 572 2130 iaxs
586 2068 719 2137 involuta
733 2069 872 2130 incendio

597 2185 638 2246 IlI

321 2287 457 2350 sensibus
473 2291 578 2349 erassIs
592 2189 718 2350 4444414144
732 2294 794 2349 404
809 2288 935 2350 videmu'
951 2289 1021 2367 quId
1036 2286 1107 2349 44444

584 2404 638 2466 44
654 2407 719 2483 (11)

321 2510 392 2588 ergo
408 2515 471 2568 tum
487 2507 598 2569 Romae
613 2525 702 2588 parce
717 2525 852 2588 pureque
867 2507 1006 2588 pudentis

364 2593 472 2668 vixere,
488 2612 526 2655 en
542 2593 675 2673 patriam,
692 2611 774 2656 nune
790 2611 892 2656 sumus
907 2593 937 2655 in
956 2594 1064 2655 rutuha

517 2745 520 2750 ·
605 2712 627 2772 V

306 2777 422 2892 ’neque
439 2831 497 2893 qua
511 2714 801 2894 vagipengslinaes
815 2814 981 2896 remipedes
999 2814 1192 2877 huxeirostris

363 2900 492 2979 pecudes
508 2899 665 2978 paludibus
680 2907 768 2961 noete
784 2899 869 2977 nigra
890 2901 926 2960 ad
946 2900 1059 2961 lumina
1080 2900 1192 2981 lampa·

363 2984 408 3046 dis
424 2983 557 3063 sequeris

112 3087 320 3099 ...--——

202 3153 250 3205 484
270 3147 304 3202 Ν.
318 3165 348 3216 p.
367 3153 417 3204 208
438 3165 549 3216 ganeum
571 3148 580 3218 ΙΙ
600 3153 651 3204 482
673 3148 708 3201 Ν.
722 3165 752 3216 p.
770 3151 820 3203 248
843 3149 967 3217 4441444411
989 3151 1039 3204 488
1062 3149 1098 3202 N.
1112 3167 1141 3217 p.
1160 3153 1192 3204 99

113 3219 270 3274 desubulare
289 3218 293 3287 Ι
315 3217 481 3271 desabulasse
499 3218 623 3284 Scaliger
647 3221 699 3269 uim
716 3219 790 3270 verbi
807 3223 879 3270 reete
897 3219 1038 3270 4444444444
1058 3219 1068 3288 ΙΙ
1090 3221 1141 3272 484
1158 3218 1193 3271 Ν.

111 3307 139 3357 μ’
159 3289 193 3342 83
202 3301 305 3410 4041ἕᾶ444
321 3371 348 3422 p.
369 3357 417 3407 400
435 3353 553 3407 dormitio
573 3359 599 3406 44
610 3369 640 3420 p.
661 3357 709 3408 458
727 3354 827 3420 puellos
841 3352 851 3422 ΙΙ
863 3356 913 3408 486
931 3352 966 3406 Ν.
982 3369 1010 3420 p.
1025 3357 1074 3407 442
1092 3353 1148 3406 4444
1166 3359 1193 3405 et

111 3443 140 3494 p.
160 3425 209 3478 328
227 3423 380 3476 involutum.
414 3425 493 3488 prius
511 3422 584 3474 adest
601 3425 712 3474 aeaeaeit
728 3439 763 3474 44
779 3423 854 3474 Enni
871 3438 948 3488 quem
962 3423 1051 3476 Varro
1069 3425 1194 3473 imitatur

112 3491 220 3560 444444
239 3493 288 3544 484
308 3490 342 3544 Ν.
356 3506 386 3557 p.
405 3493 437 3544 86
455 3505 569 3542 erassum
585 3490 589 3558 l
605 3491 710 3544 senibus
728 3491 820 3544 4444444
837 3490 935 3544 homuli
953 3491 1007 3556 (nel
1022 3490 1123 3554 humili)
1141 3505 1193 3542 non

1216 995 1260 1048 483

1217 1301 1260 1353 484

1217 2083 1260 2135 480

1217 2302 1261 2354 484

1217 2523 1261 2574 488

1218 2826 1260 2878 489

112 3560 236 3614 vidImue.
271 3560 430 3626 legebantur
452 3561 518 3610 duee
540 3561 570 3610 44
588 3563 684 3610 satura
703 3564 767 3625 poet
782 3557 821 3620 fr.
839 3560 904 3624 494,
926 3562 1018 3625 idoque
1041 3559 1133 3610 4444444
1156 3573 1193 3609 444
1293 3569 1298 3575 ·

112 3627 218 3682 Romuli
235 3628 395 3679 4444444444
413 3629 458 3692 444,
476 3632 563 3678 cetera
581 3628 772 3691 commanda,
791 3632 904 3679 44444444
921 3629 1065 3679 4444444444
1076 3631 1193 3678 4444444-

113 3700 180 3751 dum
203 3695 253 3748 444
269 3695 402 3761 aeliensi
425 3697 474 3748 488
493 3694 527 3747 Ν.
541 3711 571 3762 p.
592 3699 638 3749 464
657 3695 770 3763 4444441
794 3696 883 3748 vivere
901 3697 942 3759 in,
966 3695 1038 3746 ende
1060 3694 1087 3746 in
1110 3694 1193 3762 patria

115 3764 371 3832 condemnandae
395 3762 430 3816 Ν.
449 3779 480 3830 p.
497 3766 547 3817 460
572 3763 692 3829 pecudes.
727 3768 844 3832 systema
871 3769 931 3816 erat
953 3766 1106 3815 ionicorum
1133 3777 1194 3814 4444

114 3837 257 3886 minimum
276 3833 365 3885 decem
379 3831 383 3900 Ι
399 3847 483 3899 neque
501 3847 566 3900 quas
578 3832 712 3898 agipennis
730 3837 779 3883 444
791 3831 954 3900 aquipennis:
974 3830 1193 3899 quassngipennae

113 3904 264 3956 Palmae-im
279 3901 283 3969 Ι
299 3899 454 3969 tremipedas
472 3901 516 3966 (44
528 3901 650 3952 Ausonio
662 3899 805 3968 remipedes
820 3899 959 3964 Geanaree)
978 3899 1069 3952 buxeis
1083 3895 1192 3962 rostris}

114 3985 228 4040 sequens
