2780 4480
210 177 253 240 86
676 179 829 235 Pnrnouu

297 363 341 418 est
355 357 436 418 lavor
451 356 482 417 iu
497 356 604 438 pretio.
633 356 754 418 senibus
769 375 888 436 quoque
902 356 994 418 libera
1009 357 1102 420 vinus
1305 367 1350 418 Lo

297 442 453 515 exciderat,
469 441 637 522 sparsisque
653 441 760 520 opibus
775 460 916 504 conversa
930 449 1059 522 potestas

297 527 418 607 ipsaque
433 526 569 588 maiestas
583 544 655 587 auro
671 536 811 606 corrupta
826 526 948 588 iacebat.

255 622 285 672 45
299 612 420 692 pellitur
433 630 450 672 a
465 612 576 690 populo
591 611 684 673 victus
699 611 786 688 Cat03
802 611 914 674 tristior
927 611 977 674 ille
992 621 1045 687 est,

299 698 349 776 qui
364 697 441 772 vicit,
456 697 611 775 fascesque
626 697 719 776 pudet
732 696 866 777 rapuisse
882 697 996 759 Catoni.

299 799 426 860 namque
443 816 482 825 -
498 782 556 843 hoc
571 782 723 843 dedecoris
737 782 848 862 populo
864 799 1040 862 morumque
1055 784 1141 846 rauna
1156 821 1200 832 -

248 931 251 938 ,
297 886 359 929 non
375 867 465 927 homo
480 867 583 948 pulsus
598 875 669 942 erat,
684 867 736 928 sed
751 867 782 927 in
799 887 860 929 uno
874 868 950 929 ricta
964 877 1094 948 potestas

296 951 523 1031 Romanumque
538 952 638 1014 decus.
667 969 760 1030 quare
776 961 835 1013 tam
846 953 960 1032 perdita
974 953 1067 1016 Roma

254 1046 283 1097 50
299 1036 361 1116 ipsa
376 1037 421 1098 sui
436 1055 552 1098 merces
566 1046 630 1097 erat
644 1046 674 1098 et
687 1037 753 1098 sine
767 1037 1014 1117 vindice-pracda.

296 1129 448 1200 praeterea
463 1122 582 1202 gemino
597 1123 774 1201 deprensam
789 1123 906 1202 gurgite
921 1122 1038 1203 plebem

297 1206 427 1268 faenoris
449 1207 561 1269 illuvies
575 1225 707 1286 ususque
730 1208 868 1269 exederat
882 1208 967 1271 aeris.

296 1290 376 1351 nulla
391 1300 437 1352 est
450 1300 532 1353 certa
546 1293 660 1367 domus,
676 1292 790 1353 nullum
806 1293 870 1354 sino
886 1293 1012 1373 pignore
1028 1311 1148 1374 corpus,

295 1375 347 1437 sed
361 1376 450 1451 veluti
465 1377 549 1439 tabes
559 1378 655 1439 tacitis
670 1386 814 1456 concepta
828 1378 964 1440 medullis
1196 1383 1198 1390 ’

252 1460 372 1521 55111111
388 1461 521 1523 membra
536 1464 639 1525 furens
653 1463 733 1524 curis
747 1463 924 1526 latrantibus
939 1471 1027 1524 errat

295 1563 376 1607 arma
390 1546 510 1626 placent
523 1547 647 1623 miseris,
662 1547 827 1627 detritaque
842 1549 997 1610 commoda
1011 1549 1083 1610 luxu

295 1630 467 1694 vulneribus
489 1642 676 1714 reparantur.
705 1633 793 1713 inops
808 1633 927 1696 audacia
943 1642 1005 1695 tuta
1026 1641 1080 1696 est

294 1716 351 1777 hoc
366 1735 492 1779 mersam
506 1737 599 1780 caeno
614 1719 737 1780 Romam
755 1737 919 1798 somnoque
934 1719 1080 1782 iacentem

296 1819 370 1880 quae
385 1811 524 1881 poterant
537 1811 615 1866 artes
629 1821 700 1865 sana
720 1803 836 1864 ratione
850 1822 978 1877 movere,

251 1895 281 1946 oo
295 1885 326 1946 ni
341 1887 426 1947 furor
440 1895 469 1947 et
484 1886 593 1948 bellum
609 1889 749 1966 ferroque
765 1887 858 1949 excita
873 1885 986 1950 libido?

336 1977 397 2031 tres
410 1972 519 2032 tulerat
533 1971 666 2032 Fortuna
681 1973 780 2045 duces,
797 1991 872 2052 quos
888 1971 988 2034 obruit
1003 1992 1108 2036 omues

294 2072 443 2117 armorum
459 2063 540 2117 strue
555 2055 668 2117 diversa
683 2056 782 2118 feralis
796 2056 890 2139 Enyo.

297 2138 433 2202 Crassum
449 2140 574 2203 Parthus
589 2141 685 2215 habet,
701 2141 812 2222 Libyco
828 2142 902 2204 iacet
918 2159 1048 2221 aequore
1063 2143 1196 2224 Magnus

293 2224 385 2287 lulius
399 2225 545 2304 ingratam
561 2227 691 2306 perfudit
705 2227 850 2306 sanguine
873 2227 1004 2303 Romam,

251 2321 280 2370 15
295 2318 325 2372 et
340 2311 423 2390 quasi
439 2331 499 2374 non
516 2320 617 2392 posset
630 2320 674 2374 tot
688 2312 775 2374 tellus
790 2314 870 2376 serre
885 2313 1030 2394 sepulcra,

294 2395 391 2458 divisit
406 2397 531 2460 cineres.
561 2399 616 2460 hos
630 2398 722 2476 gloria
736 2399 833 2461 reddit
846 2401 985 2461 honores.

336 2490 381 2544 est
395 2482 478 2544 locus
493 2483 592 2545 exciso
607 2483 728 2563 penitus
742 2484 895 2546 demersus
910 2484 991 2545 hiatu

293 2565 503 2646 Parthenopen
519 2568 598 2629 inter
612 2583 796 2647 magnaeque
811 2569 1001 2630 Dicarchidos
1015 2586 1092 2644 arva,

294 2649 394 2730 Cocyti
409 2652 547 2729 perfusus
561 2670 649 2732 aqua;
666 2671 734 2712 nam
748 2653 880 2731 spiritus,
895 2661 977 2714 extra

250 2743 279 2794 lo
294 2734 345 2812 qui
360 2735 431 2795 furit
446 2736 566 2810 effusus,
581 2738 699 2798 lunesto
714 2737 863 2817 spargitur
878 2747 970 2800 aestu.

293 2837 354 2880 non
370 2821 443 2882 haec
457 2829 599 2882 autumno
613 2821 701 2884 tellus
714 2822 788 2884 viret
803 2831 853 2884 aut
868 2823 918 2884 alit
931 2822 1039 2885 herhas

293 2905 421 2984 caespite
436 2906 529 2968 laetus
544 2923 624 2985 ager,
641 2926 702 2968 non
718 2925 810 2969 verno
825 2926 955 2988 persona
975 2917 1065 2970 cantu

292 2989 393 3051 mollia
407 2991 535 3054 discordi
551 2991 676 3071 strepitu
690 2992 815 3072 virgulta
830 2994 981 3068 locuntur,

293 3074 345 3136 sed
360 3077 450 3139 chaos
464 3085 495 3138 ot
509 3077 595 3156 nigro
609 3077 773 3155 squalentia
788 3077 907 3159 pumice
922 3096 989 3140 sara

250 3171 279 3220 15
293 3162 422 3239 gaudent
437 3163 521 3224 ferali
535 3163 647 3224 circum
663 3164 806 3224 tumulata
821 3173 974 3243 cupressu.

293 3245 345 3308 has
359 3246 438 3308 inter
459 3249 543 3310 sedes
558 3247 631 3309 Ditis
646 3255 730 3327 pater
745 3249 848 3310 extulit
862 3266 915 3309 ora

291 3329 447 3393 bustorum
462 3333 585 3395 flammis
598 3341 629 3394 et
643 3351 717 3394 cana
731 3351 832 3412 sparsa
846 3334 953 3407 favilla,

293 3432 327 3475 ac
341 3415 391 3477 tali
406 3417 556 3479 volucrem
571 3417 735 3480 Fortunam
750 3437 822 3480 voce
836 3418 967 3482 lacessit:

294 3495 416 3561 “rerum
430 3502 627 3565 humanarum
642 3503 867 3583 divinarumque
881 3513 1020 3583 potestus,

250 3593 279 3645 80
293 3583 377 3660 Fors,
393 3586 441 3648 eui
458 3588 537 3649 nulla
552 3588 650 3667 placet
665 3589 790 3650 nimium
804 3607 907 3651 secura
922 3597 1061 3671 potestas,

294 3689 369 3748 quae
385 3690 459 3733 nova
475 3691 594 3753 semper
608 3691 688 3735 amas
702 3683 732 3734 et
744 3692 814 3736 mox
824 3693 960 3754 possessa
974 3672 1128 3752 relinquis,

208 3802 412 3816 “----

287 3874 319 3924 47
332 3872 436 3926 delebat
447 3874 668 3941 fflouokdueo'ml
680 3878 711 3927 51
726 3875 827 3941 gurgite
838 3874 958 3942 praedam
968 3871 979 3941 ΙΙ
991 3876 1024 3926 60
1037 3871 1144 3942 1111111
1156 3875 1188 3926 65
1202 3873 1286 3928 lellus

208 3942 247 3990 tot
263 3938 428 4007 1111111πεί111
441 3943 474 3993 69
491 3941 598 4009 Cocytia
610 3941 620 4008 ΙΙ
634 3945 666 3994 'to
684 3942 743 3993 iuril
760 3942 920 3994 Bardaotis:
938 3957 974 3992 on
991 3940 1121 4010 sulpuris?
