2772 4476
206 177 245 237 10
665 179 818 234 rrracrttt

206 353 377 416 meretrices
391 353 492 414 furtim
507 353 676 433 spatiantes.
706 353 802 427 tarde,
823 353 913 414 immo
929 353 985 414 iam
1002 372 1068 415 sero
1084 354 1214 416 intellexi
1229 373 1277 415 me
1302 363 1347 414 to

161 442 163 447 ’
206 440 237 500 in
253 439 398 500 fornicem
413 458 477 500 esse
498 439 667 500 deductum.
707 421 980 540 exeqr·a}ffp⁵⁶itaquc
1003 439 1137 502 aniculae
1158 440 1278 502 insidias

208 524 312 604 operui
334 533 471 604 caputet
492 513 842 604 permediumlupaiia‘i
864 525 967 602 fugere
989 525 1074 604 coepi
1099 525 1130 586 in
1157 525 1279 587 alteram

207 617 335 691 partem,
358 628 426 671 cum
448 627 517 670 ecce
539 609 569 670 in
592 609 656 689 ipso
679 609 757 670 aditu
780 610 910 671 occurrit
930 609 1002 670 mihi
1026 627 1118 690 aeque
1136 608 1233 672 lassus'
1244 629 1278 672 ac

206 695 339 758 moriens
364 694 513 775 Ascyltos3
543 703 663 774 putares
689 693 724 755 ab
752 695 853 756 eadem
879 695 993 756 anicula
1018 713 1082 756 esse
1109 695 1311 757 deductumt

207 781 306 860 itaque
323 788 354 840 nt
367 780 468 841 ridens
483 797 550 840 enm
567 779 762 851 consalutavi,
784 780 855 858 quid
876 781 907 841 in
929 780 996 841 loco
1017 787 1076 841 tam
1092 779 1218 842 deformi
1234 782 1278 842 ia-

170 877 189 942 8
208 874 289 927 ceret
303 865 442 944 quaesivi.
472 865 609 926 sudorem
625 865 674 926 ille
689 865 825 928 manibus
839 865 961 928 detersit
975 874 1005 926 et
1019 866 1054 926 ‘si
1065 865 1165 927 scires'
1182 867 1280 944 inquit

209 959 295 1030 ‘quae
315 950 387 1011 mihi
407 949 596 1012 acciderunt'.
633 950 720 1029 ‘quid
735 951 818 1011 novi'
833 951 955 1029 inquam
971 948 1081 1031 ‘egoi'
1100 961 1129 1012 at
1143 951 1190 1012 illc
1206 948 1311 1023 deliis·
1325 961 1339 1042 1

207 1038 289 1098 ciens
305 1041 389 1097 ‘cum
404 1036 549 1097 errarem'
564 1033 664 1115 inquit
679 1040 748 1116 ‘per
763 1044 854 1097 totam
869 1036 1013 1098 civitatem
1033 1054 1089 1097 nec
1104 1036 1278 1109 invenirem,

208 1140 267 1200 quo
282 1121 349 1182 loco
364 1120 512 1182 stabulum
528 1120 727 1202 reliquissem,
750 1122 874 1184 accessit
893 1123 990 1183 adme
1010 1130 1062 1201 pat
1079 1121 1234 1212 riamiliae
1250 1131 1280 1183 et
1299 1130 1328 1182 10

208 1208 312 1268 ducem
335 1224 366 1268 se
381 1206 497 1268 itineris
516 1206 727 1268 humanissime
746 1207 890 1287 promisit.
926 1226 980 1287 per
1001 1207 1054 1268 ant
1086 1195 1279 1269 dibucinat

209 1291 434 1354 obscurissimos
449 1309 586 1370 egressus
608 1293 638 1353 in
661 1292 742 1353 hunc
761 1292 860 1354 locum
882 1311 930 1353 me
945 1293 1082 1372 perduxit
1103 1292 1279 1371 prolatoque

75 1387 150 1439 w
172 1385 177 1429 t
208 1377 325 1457 peculio
348 1377 446 1456 coepit
466 1395 571 1455 rogare
593 1387 738 1457 stuprum.
758 1376 763 1458 1
782 1378 841 1439 iam
863 1377 1004 1457 procella
1026 1377 1166 1438 meretrix
1183 1395 1278 1439 assem
1297 1384 1320 1436 t

208 1470 355 1542 exegerat,
375 1460 380 1538 1
400 1463 458 1524 iam
472 1462 521 1523 ille
536 1463 608 1524 mihi
622 1463 764 1524 iniecerat
778 1480 914 1537 manum,
931 1472 960 1525 et
975 1462 1032 1525 nisi
1047 1461 1191 1523 valentior
1205 1463 1279 1525 iuis·
1297 1470 1341 1522 to

208 1567 281 1621 sem,
296 1548 439 1610 dedissem
455 1549 576 1628 poenas'
1299 1560 1326 1612 15

730 1655 747 1693 dr

235 1707 245 1756 l
291 1715 296 1800 1
315 1719 388 1780 adeo
406 1717 514 1798 ubique
531 1736 634 1780 omnes
649 1719 721 1779 mihi
736 1718 911 1780 videbantur
925 1729 1075 1781 satureum
1091 1701 1201 1780 bibisse
1300 1725 1322 1776 t

735 1825 751 1861 tlt

293 1887 402 1948 iunctis
416 1887 528 1948 viribus
542 1887 699 1948 molestum
714 1887 948 1966 contempsimus

358 1997 360 2002 ,
732 1993 750 2031 g
1158 2011 1172 2044 γ’

170 2067 190 2130 9
293 2055 376 2135 quasi
391 2073 447 2135 per
461 2054 617 2134 caliginem
631 2056 689 2117 vidi
704 2056 811 2118 Gitona
832 2055 863 2116 in
886 2019 1177 2135 crepidirii⁰semittie
1198 2063 1281 2118 stan·

207 2151 267 2202 tem
282 2141 356 2202 etin
372 2141 500 2203 eundem
514 2141 612 2203 locum
628 2161 675 2203 me
691 2142 816 2204 conieci.

293 2329 362 2374 cum
378 2329 551 2392 quaererem
566 2301 710 2392 numquid
726 2311 812 2375 nobis
829 2312 860 2374 in
876 2311 1032 2393 prandium
1049 2309 1163 2396 [trater]
1178 2329 1281 2392 paras·
1298 2321 1327 2373 20

207 2406 266 2473 set,
295 2398 429 2460 consedit
450 2416 526 2478 puer
547 2399 766 2479 superlectum
788 2407 818 2459 et
838 2407 991 2460 manantes
1016 2397 1155 2462 lacrimas,
1172 2397 1280 2477 pollice
1311 2396 1331 2436 'l

208 2483 337 2545 extersit.
366 2484 557 2563 perturbatus
572 2502 627 2562 ego
638 2483 741 2544 habitu
755 2484 864 2557 fratris,
880 2483 952 2562 quid
962 2482 1125 2556 accidisset,
1141 2482 1280 2560 quaesivi.
1369 2525 1370 2562 1

209 2577 238 2628 et
258 2567 307 2628 ille
328 2569 410 2629 tardo
430 2567 548 2647 quidem
570 2578 599 2629 et
620 2568 744 2642 invitus,
772 2567 823 2628 sed
844 2577 1001 2647 postquam
1026 2566 1165 2646 precibus
1191 2567 1281 2627 etiam
1369 2621 1370 2632 ,

208 2652 391 2714 iracundiam
407 2653 522 2725 miseni,
539 2653 626 2715 ‘tuus’
642 2653 740 2732 inquit
755 2652 819 2714 ‘iste
835 2653 926 2713 trater
936 2671 989 2713 sen
1001 2669 1100 2712 comes
1110 2651 1198 2732 paulo
1211 2660 1280 2713 ante
1369 2693 1370 2730 ,

110 2769 122 2798 ,ι
173 2762 186 2794 r
208 2739 238 2802 io
262 2738 443 2800 conductum
465 2738 633 2799 accucurrit
655 2739 812 2819 coepitque
833 2737 905 2798 mihi
920 2737 992 2798 velle
1014 2737 1158 2817 pudorem
1181 2745 1281 2798 extor-
1298 2746 1326 2798 25
1369 2731 1370 2802 1

133 2840 136 2851 ’
208 2841 309 2904 quere.
330 2823 335 2900 1
355 2841 422 2884 cum
437 2841 493 2902 ego
508 2823 738 2903 proclamarem,
754 2823 883 2903 gladium
899 2822 1017 2884 strinxit
1031 2830 1061 2883 et
1076 2821 1126 2884 “si
1142 2822 1280 2884 Lucretia
1298 2826 1341 2880 to
1369 2805 1370 2854 1

208 2908 258 2972 es”
274 2909 371 2988 inquit
386 2907 609 2988 “Tarquinium
625 2908 791 2972 invenisti.”
833 2935 859 2984 ,p
869 2928 903 2964 ω’

290 2991 294 3076 1
315 2993 423 3073 quibus
447 3012 501 3074 ego
524 2994 629 3056 auditis
649 2961 801 3056 intentaii‘
813 2989 844 3055 in
867 2993 969 3054 oculos
989 2992 1098 3072 Ascylti
1118 3010 1224 3054 manus
1251 2997 1321 3052 ett

209 3080 289 3161 ‘quid
305 3081 377 3142 dicis
405 3097 526 3161 mquam
545 3080 707 3142 ‘muliebris
722 3078 880 3160 patientiae
896 3075 1043 3152 scortum,
1066 3077 1150 3139 cuius
1165 3095 1203 3138 ne
1218 3077 1280 3156 spi·

207 3166 282 3228 ritus
303 3166 414 3247 quidem
437 3184 531 3246 purus
553 3163 635 3228 estl'
656 3166 863 3228 inhorrescere
883 3182 914 3225 se
935 3162 1021 3225 linxit
1040 3162 1189 3242 Ascyltos,
1211 3179 1281 3223 mox
1297 3170 1326 3221 ab
1369 3183 1370 3200 ¹

208 3250 330 3313 sublatis
345 3251 451 3318 fortius
467 3251 602 3313 manibus
616 3251 705 3332 longe
720 3251 830 3312 maiore
846 3225 1080 3311 nibbltlsmavit:
1104 3253 1176 3308 ‘non
1191 3247 1280 3308 taces'

208 3336 305 3416 inquit
320 3336 473 3415 ‘gladiator
488 3337 633 3410 obscene,
649 3355 737 3416 quem
753 3335 789 3396 de
806 3356 824 3394 s
840 3335 927 3395 ruina
941 3333 1053 3394 harena
1068 3330 1199 3394 dimisit?
1217 3351 1279 3393 non
1369 3381 1370 3384 η

206 3429 296 3497 taces,
313 3429 461 3486 nocturne
476 3441 650 3502 percussor,
673 3422 723 3502 qui
738 3417 854 3482 netum
871 3419 1005 3498 quidem,
1022 3437 1090 3480 cum
1105 3419 1222 3479 sortiter
1236 3419 1331 3507 sah)m
1369 3411 1370 3418 '

209 3525 307 3583 ceres,
329 3524 396 3568 oum
413 3525 487 3586 pura
502 3508 626 3569 muliere
641 3507 794 3588 pugnasti,
816 3505 901 3587 opius
916 3505 1017 3567 eadem
1033 3505 1148 3566 ratione
1163 3503 1194 3564 in
1209 3489 1291 3568 viril*

208 3593 289 3655 dario
305 3593 396 3654 irater
409 3593 549 3673 iui,“¹qua
572 3611 654 3655 nunc
675 3593 705 3654 in
722 3571 890 3654 deverlbho
905 3609 982 3671 puer
995 3587 1077 3652 estt’
1099 3586 1280 3650 ‘subduxisti
1295 3595 1324 3647 ³5
1369 3657 1370 3662 1

151 3682 190 3746 10
208 3678 246 3739 te’
258 3679 380 3760 inquam
391 3682 418 3740 ‘a
429 3679 631 3760 praeceptoris
642 3677 809 3758 colloquio!
825 3676 907 3756 ‘quid
919 3694 985 3755 ego,
997 3676 1087 3738 homo
1098 3671 1278 3746 stultissime,

295 3883 306 3934 1
325 3881 516 3947 conspatiantes
525 3882 590 3933 libri
597 3881 722 3946 plerique
732 3875 742 3947 11
755 3879 785 3932 12
799 3877 917 3946 produxit
929 3876 951 3926 t
962 3873 972 3942 11
985 3876 1017 3926 22
1030 3872 1156 3942 expressit
1168 3870 1177 3939 11
1188 3875 1221 3926 at
1232 3887 1280 3925 sen

208 3965 295 4004 comeo
311 3955 432 4016 suspecta
448 3947 458 4018 11
476 3952 508 4003 36
526 3949 610 4017 inquit

280 4272 767 4434 A
