2780 4480
210 222 253 282 'ill
666 218 819 274 PEtflcttu

208 407 326 479 posset,
348 396 373 458 si
395 414 449 475 per
470 394 556 456 aliam
578 399 694 473 partem
716 392 797 454 naris
812 393 881 472 luga
896 397 1102 471 quaereretur:
1127 411 1209 454 nunc
1224 411 1282 474 per
1302 406 1328 457 Ι,

207 482 342 564 puppim,
358 499 412 560 per
422 481 485 560 ipsa
497 477 696 560 gubernacula
709 477 904 538 delabendum
916 485 969 550 est,
984 495 1000 538 a
1013 495 1141 557 quorum
1155 478 1281 558 regione

208 568 288 630 lunis
310 566 476 640 descendit,
499 564 551 643 qui
573 563 699 644 scaphae
721 562 882 624 custodiam
902 571 995 624 tenet.
1031 572 1184 642 praeterea
1206 564 1283 625 illud

207 654 315 727 miror,
338 650 475 730 Encolpi,
496 649 551 710 tihi
573 667 634 710 non
658 647 855 722 succurrisse,
881 665 976 719 unum
1002 656 1121 709 nautam
1143 649 1282 711 stationis

207 746 369 818 perpetuae
391 735 521 797 interdiu
543 742 694 812 noctuque
716 733 812 794 iacere
827 733 858 794 in
873 733 997 812 scapha,
1020 751 1077 794 nec
1099 751 1187 814 posse
1209 735 1282 796 iude
1306 751 1323 802 5

208 824 360 884 custodem
383 820 439 883 nisi
461 825 511 881 a'ut
533 820 621 880 caede
636 819 744 900 expelli
765 827 815 879 aut
836 818 1023 898 praecipitari
1045 819 1167 882 viribus.
1197 819 1282 898 quod

207 927 245 970 an
268 908 332 969 fieri
353 905 462 987 possit,
486 905 667 984 interrogate
693 903 843 964 audaciam
868 912 1003 964 vestram.
1041 921 1109 964 nam
1137 905 1216 984 quod
1243 905 1283 966 ad

206 1012 307 1056 mcum
340 992 457 1071 quidem
484 989 655 1051 comitatum
681 989 800 1063 attinet,
831 988 945 1050 nullum
971 1007 1077 1050 recuso
1103 989 1283 1068 periculum,

208 1078 289 1158 quod
311 1077 413 1138 salutis
434 1094 519 1155 spem
542 1074 678 1137 ostendit.
709 1091 779 1135 nam
792 1074 857 1135 sinc
880 1091 967 1135 causa
982 1070 1126 1157 [quidem]
1142 1075 1283 1155 spiritura

206 1167 347 1242 tanquam
369 1173 439 1222 rem*
454 1179 575 1222 vacuam
596 1160 769 1238 impendere
792 1177 830 1219 ne
845 1177 896 1220 vos
911 1157 1030 1238 quidem
1046 1159 1180 1221 existimo
1195 1160 1283 1222 velle.
1308 1175 1335 1226 tt

206 1249 312 1322 videte,
328 1247 472 1325 numquid
486 1246 546 1307 hoc
555 1245 683 1325 placeat:
700 1263 755 1324 ego
767 1263 818 1305 ros
833 1243 864 1304 in
880 1244 952 1306 duas
962 1244 1020 1306 ia'm
1032 1244 1123 1325 pelles
1135 1245 1283 1306 coniciam

206 1334 380 1411 vinctosque
400 1332 473 1397 loris
496 1331 576 1392 inter
589 1330 763 1394 vestimenta
787 1347 843 1410 pro
865 1328 988 1391 sarcinis
1013 1329 1143 1404 haheho,
1170 1331 1284 1410 apertis

206 1419 320 1480 scilicet
341 1418 528 1496 aliquatenus
543 1415 651 1489 labris,
673 1415 781 1494 quihus
803 1421 833 1474 et
854 1414 991 1493 spiritum
1005 1414 1138 1495 recipere
1160 1416 1284 1494 possitis

208 1505 238 1565 et
259 1503 367 1566 aihum.
398 1501 589 1563 conclamaho
611 1501 718 1562 deinde
740 1507 828 1560 nocte
850 1517 950 1562 servos
971 1517 1100 1580 poenam
1115 1500 1284 1580 graviorem

206 1589 346 1662 timentes
366 1587 574 1667 praecipitasse
595 1605 627 1647 se
648 1586 680 1647 in
703 1603 793 1646 mare.
829 1584 936 1646 deinde
958 1603 1026 1647 cum
1047 1593 1168 1646 ventum
1191 1587 1286 1648 fuerit
1307 1602 1334 1653 tt

206 1675 238 1734 in
253 1683 389 1753 portum,
413 1673 478 1734 sine
499 1672 559 1733 ulla
580 1671 750 1751 suspicione
772 1687 828 1749 pro
850 1670 976 1732 sarcinis
994 1689 1047 1732 vos
1061 1670 1201 1732 efferam!
1232 1672 1286 1733 ‘ita

205 1759 285 1820 raro’
301 1760 421 1836 inquam
439 1776 494 1838 ego
509 1763 661 1836 ttanquam
673 1757 782 1817 solidos
792 1754 972 1834 alligaturus,
987 1754 1095 1835 quibus
1110 1775 1171 1817 non
1189 1757 1286 1818 soleat

206 1851 309 1904 rentar
330 1843 468 1904 iniuriam
489 1839 608 1902 lacere?
642 1860 680 1901 an
706 1850 846 1918 tanquam
873 1859 924 1902 eos
950 1840 1002 1919 qui
1025 1849 1194 1902 sternutare
1219 1862 1284 1906 non

209 1928 355 1990 soleamus
370 1945 426 1988 nac
441 1923 587 1988 stertere?
603 1943 640 1986 an
657 1925 797 2003 quiahoc
812 1943 907 2003 genus
924 1926 995 1986 furti
1017 1925 1108 1988 semel
1124 1922 1215 2010 [mea]
1237 1929 1284 1989 le·

206 2013 303 2073 liciter
318 2009 427 2073 cessit?
441 2010 493 2072 scd
508 2012 587 2089 finge
602 2028 663 2070 tana
677 2009 724 2070 die
739 2009 854 2070 vinctos
868 2029 955 2089 posse
971 2013 1095 2073 durare:
1113 2012 1181 2092 qnid
1198 2031 1284 2092 ergo,
1307 2028 1334 2078 tt

206 2097 357 2159 sidintius
371 2094 641 2174 auttranquillites
663 2113 719 2156 nos
740 2095 870 2155 tenuerit
892 2103 943 2156 aut
964 2096 1084 2157 adversa
1098 2097 1286 2176 tempestas?

208 2181 278 2262 quid
301 2181 407 2244 facturi
429 2178 556 2243 sumus?
578 2188 675 2242 vestes
696 2197 816 2258 quoque
832 2181 941 2242 diutius
956 2181 1069 2243 vinctas
1084 2199 1156 2260 ruga
1172 2201 1285 2244 consu-

206 2268 269 2344 mit,
286 2277 315 2329 et
330 2268 448 2329 chartae
463 2267 595 2348 alligatae
618 2274 734 2327 mutant
748 2267 882 2344 figuram.
912 2267 1033 2328 iuvenes
1054 2267 1150 2329 adhue
1171 2267 1285 2332 laboris

208 2362 345 2434 eapertes
357 2362 521 2416 statuarum
537 2351 597 2414 ritu
613 2351 759 2432 patiamur
772 2370 890 2432 pannos
905 2360 934 2414 ct
949 2349 1076 2414 vinclal’

213 2475 218 2480 -
734 2460 751 2496 R

246 2527 259 2576 .’
293 2523 398 2584 ‘adhuc
413 2522 530 2601 aliquod
546 2522 603 2583 iter
616 2522 718 2584 salutis
732 2522 934 2600 quaerendam
949 2529 1002 2582 est.
1031 2521 1185 2601 inspicite,
1202 2524 1284 2600 quod
1304 2537 1331 2588 25
1380 2543 1381 2572 1

206 2626 261 2686 ego
277 2607 387 2667 inveni.
415 2606 580 2685 Eumolpus
594 2615 737 2685 tanquam
752 2606 903 2668 literarum
918 2606 1068 2668 studiosus
1083 2607 1187 2685 utique
1203 2619 1282 2669 atra-

207 2700 341 2752 mentum
364 2689 462 2751 hahet.
491 2691 548 2751 hoc
570 2708 641 2769 ergo
663 2689 795 2752 remedio
820 2700 969 2753 mutemus
990 2691 1107 2752 colores
1129 2710 1145 2751 a
1168 2692 1282 2773 capillis

205 2793 301 2853 usque
323 2777 359 2836 ad
375 2792 499 2854 ungues.
530 2775 571 2835 ita
592 2783 733 2855 tanquam
753 2777 830 2836 sarri
852 2776 1012 2856 Aethiopes
1034 2784 1064 2837 et
1085 2786 1204 2856 praesto
1227 2778 1282 2840 tihi

206 2860 316 2924 ericus
337 2860 402 2921 sinc
423 2867 642 2922 tormentorum
663 2859 770 2921 iniuria
792 2861 915 2934 hilares,
938 2870 968 2922 et
988 2870 1157 2942 permutato
1180 2863 1282 2925 colore

207 2946 395 3026 imponemus
416 2944 562 3006 inimicis!
599 2943 745 3024 ‘quidniY
761 2946 857 3025 inquit
873 2946 963 3007 Giton
988 2947 1083 3008 ‘etiam
1101 2947 1282 3010 circumcide
1302 2961 1332 3011 ac

133 3036 158 3086 ·.··'
181 3031 187 3088 ἱ
206 3050 272 3105 nes,
290 3030 436 3095 utludaei
450 3030 615 3106 videamur,
631 3042 661 3092 et
675 3031 822 3110 pertunde
836 3049 930 3106 aures,
947 3041 980 3093 ut
995 3032 1145 3093 imitemur
1159 3031 1281 3109 Arabes,

206 3120 237 3178 et
249 3117 364 3178 increta
385 3117 490 3191 iacies,
513 3126 546 3177 ut
560 3135 631 3178 snos
645 3116 738 3177 Gallia
759 3117 835 3178 cives
850 3125 950 3197 putet:
972 3125 1113 3197 tanquam
1135 3117 1184 3178 hic
1200 3119 1282 3180 solus

205 3201 427 3280 colertigurana
443 3201 538 3281 possit
552 3209 721 3281 pervertere
736 3210 766 3264 et
788 3221 848 3264 non
871 3203 962 3264 multa
982 3221 1042 3264 una
1056 3210 1192 3282 oporteat
1206 3223 1282 3266 con-

205 3286 336 3348 sentiant
350 3283 392 3369 [et
406 3282 480 3369 nnn]
497 3287 628 3361 ratione,
649 3296 683 3348 art
696 3287 883 3348 mendacium
899 3295 1023 3350 condet.
1053 3295 1125 3368 puta
1140 3287 1282 3350 inlectam

205 3371 399 3433 medicamine
414 3371 518 3432 faciam
534 3371 643 3436 diadas
658 3372 765 3432 durare
781 3390 882 3451 posse;
904 3374 984 3453 tinge
1000 3391 1057 3434 nec
1070 3391 1164 3451 aquae
1179 3391 1281 3454 asper·
1302 3386 1331 3436 aa

204 3455 304 3535 gineth
318 3455 525 3535 imposituram
542 3457 670 3536 aliquam,
690 3457 809 3536 corpori
824 3457 983 3533 maculam,
1006 3477 1063 3521 nec
1076 3467 1187 3519 restem
1204 3469 1281 3520 atra-

204 3549 308 3602 neom
324 3540 534 3616 adhaesuram,
557 3544 636 3622 quod
651 3543 824 3621 frequenter
845 3542 932 3604 etiam
948 3563 1010 3604 non
1025 3543 1167 3604 accersito
1183 3544 1281 3605 terru-

205 3626 441 3706 min'eiudgitur:
450 3629 517 3706 aga,
530 3628 674 3706 numquid
687 3635 716 3688 et
726 3627 809 3688 lahra
817 3646 975 3708 possumus
982 3637 1098 3691 tumore
1109 3629 1281 3691 taeterrimo

206 3709 352 3791 'mplerel
383 3712 527 3791 numquid
553 3721 582 3774 et
603 3712 702 3774 crines
724 3712 888 3776 calamistro
911 3710 1105 3775 converteret
1133 3714 1280 3794 numquid
1379 3791 1380 3800 ἵ

288 3865 314 3914 u·
325 3862 494 3914 amicandum
511 3861 633 3930 scapham
650 3867 720 3916 tenet
737 3863 748 3929 fl
766 3865 796 3916 tr
814 3861 931 3915 Menelao
957 3861 1067 3914 feliciter
1085 3863 1197 3914 lahaim
1215 3865 1225 3932 ss
1246 3867 1278 3918 3⁰
1379 3871 1380 3900 l

209 3927 270 3996 quid
288 3933 316 3980 tn
332 3927 514 3980 Tomaaetann
528 3929 537 3995 ΙΙ
549 3933 582 3981 34
594 3931 709 3981 natione:
728 3935 757 3982 ut
774 3932 845 3982 omni
856 3931 955 3982 ratione
973 3929 1133 3982 mendaciuni
1147 3931 1281 4002 Cruaiual

210 3999 327 4065 atquae
343 4000 370 4046 at
388 3998 427 4048 38.
437 3994 549 4047 inlicitur
565 3996 727 4046 Mancharum
