2768 4480
454 179 762 235 APOCOLOCYNTOSIS
1081 179 1141 241 235
1219 192 1222 199 ’

66 353 271 416 delectabatur
283 353 420 416 laudibus
435 354 496 417 suis
512 355 649 417 Claudius
671 365 701 417 et
715 356 854 438 cupiebat
875 357 985 419 diutius
1000 365 1143 437 spectare.
1164 363 1202 425 13

66 439 154 502 inicit
176 438 218 501 illi
234 457 356 500 manum
373 439 545 520 Talthybius
568 442 691 502 deorum
716 437 863 526 [nuntius]
888 450 917 503 et
938 442 1028 503 trahit
1049 443 1144 523 capite

68 525 226 599 obvoluto,
250 543 289 585 ne
305 525 371 604 quis
386 543 453 586 eum
468 526 562 604 possit
576 543 754 604 agnoscere,
777 545 831 607 per
846 545 983 606 campum
997 527 1144 601 Martium,

68 619 99 672 et
115 610 193 671 inter
208 609 339 671 Tiberim
362 618 392 670 et
412 610 488 671 viam
510 618 616 672 tectam
633 611 785 673 descendit
806 613 842 672 ad
858 613 979 673 inferos.
1010 620 1144 685 anteces-

28 704 44 752 5
66 703 148 757 serat
162 695 220 756 iam
236 695 619 774 compendiariaNarcissus
629 696 754 758 libertus
769 697 804 757 ad
819 705 979 776 patronum
994 697 1144 776 excipien-

68 780 140 842 dum
156 788 185 841 et
199 780 330 841 venienti
345 781 470 854 nitidus,
485 789 519 841 ut
533 790 596 842 erat
610 799 627 841 a
641 781 773 857 balineo,
798 782 928 843 occurrit
943 790 972 842 et
986 782 1040 842 ait:
1063 782 1145 860 ‘quid

69 865 99 926 di
111 865 147 926 ad
159 863 329 926 homines‘l'
343 865 488 927 ‘celerius'
501 866 598 945 inquit
608 865 774 928 Mercurius
786 870 825 927 ‘et
839 867 941 928 venire
953 885 1009 928 nos
1021 866 1144 928 nuntia’.

69 950 149 1011 dicto
165 950 250 1011 citius
265 949 419 1012 Narcissus
434 952 538 1012 evolat.
566 951 665 1012 omnia
676 951 908 1030 proclivia'sunt,
924 952 1009 1013 facile
1020 950 1145 1013 descen-

71 1035 161 1096 ditur.
190 1035 290 1113 itaque
306 1036 438 1114 quamvis
453 1036 632 1116 podagricus
648 1045 733 1111 esset,
749 1045 902 1098 momento
917 1036 1061 1116 temporis
1076 1055 1145 1116 per·

20 1126 48 1177 to
69 1119 152 1181 venit
166 1119 202 1180 ad
216 1120 335 1181 ianuam
351 1121 440 1195 Ditis,
464 1120 515 1182 ubi
538 1121 651 1183 iacebat
667 1121 816 1184 Cerberus
837 1121 884 1183 vel
905 1130 938 1182 ut
951 1122 992 1182 ait
1006 1121 1147 1183 Horatius

72 1204 169 1266 ‘belua
183 1205 355 1284 centiceps’.
384 1205 523 1286 pusillum
546 1206 742 1286 perturbatur
755 1243 797 1252 —
813 1206 966 1269 subalbam
989 1225 1093 1268 canem
1114 1207 1146 1268 in

71 1289 183 1352 deliciis
197 1289 308 1352 babere
323 1291 552 1352 adsueverat-
566 1292 697 1353 utillum
713 1291 782 1352 vidit
798 1310 901 1353 canem
918 1292 1046 1371 nigrum,
1062 1291 1146 1353 villo-

70 1394 150 1451 sum,
173 1393 244 1437 sane
260 1394 320 1436 non
338 1395 426 1455 quem
442 1377 514 1438 velis
528 1376 582 1438 tibi
596 1377 627 1438 in
650 1376 782 1438 tenebris
798 1394 965 1438 occurrere.
995 1385 1025 1438 et
1039 1395 1147 1456 magna

70 1479 143 1522 voce
159 1459 315 1523 ‘Claudius'
331 1461 428 1540 inquit
443 1461 568 1522 ‘veniet'.
595 1479 663 1523 cum
679 1461 784 1540 plausu
798 1461 965 1541 procedunt
976 1469 1144 1523 cantantes:

22 1551 49 1602 15
72 1538 267 1631 εὑρήκαμεν,
288 1549 514 1631 conciperem.
551 1546 600 1606 hic
617 1554 679 1607 erat
695 1545 725 1608 C.
742 1545 830 1607 Silius
846 1546 952 1607 consul
966 1546 1146 1626 designatus,

71 1633 181 1692 Iuncus
196 1631 372 1710 praetorius,
389 1631 457 1692 Sex.
472 1630 607 1705 Traulus,
623 1631 660 1691 M.
678 1630 808 1704 Helvius,
825 1630 951 1710 Trogus,
968 1630 1061 1708 Cotta,
1077 1631 1146 1691 Vet-

70 1717 129 1778 tius
145 1716 262 1790 Valens,
277 1715 385 1778 Fabius
401 1717 515 1795 equites
526 1715 561 1776 R.
578 1735 652 1795 quos
667 1716 821 1778 Narcissus
836 1715 904 1776 duci
919 1715 1052 1777 iusserat.
1083 1733 1147 1776 me·

11 1799 12 1802 ’
70 1803 137 1862 dius
156 1809 219 1862 erat
240 1801 271 1861 in
293 1802 350 1862 bac
364 1803 548 1862 cantantium
562 1801 649 1862 turba
664 1801 795 1862 Mnester
817 1801 1034 1882 pantomimus,
1058 1819 1147 1879 quem

71 1886 210 1949 Claudius
226 1887 341 1955 decoris
356 1904 443 1948 causa
459 1887 606 1947 minorem
623 1887 741 1949 lecerat.
779 1886 813 1946 ad
830 1885 1015 1947 Messalinam
1030 1919 1071 1930 -
1088 1885 1146 1946 cito

23 1975 49 2026 2⁰
69 1989 174 2034 rumor
187 1971 358 2050 percrebuit
370 1971 522 2034 Claudium
533 1972 649 2034 venisse
660 2003 703 2014 -
714 1971 889 2032 convolant:
906 1970 995 2050 primi
1013 1971 1146 2032 omnium

70 2057 169 2119 liberti
181 2055 330 2137 Polybius
342 2057 458 2136 Myron,
470 2057 647 2137 Harpocras,
659 2057 836 2138 Amphaeus,
847 2056 1060 2130 Pheronactus,
1072 2075 1147 2135 quos

71 2141 211 2204 Claudius
233 2161 352 2216 omnes,
376 2141 485 2203 necubi
507 2142 675 2222 imparatus·
690 2150 782 2216 esset,
804 2141 1004 2220 praemiserat.
1041 2140 1147 2202 deiude

71 2227 215 2308 praelecti
230 2228 288 2288 duo
300 2227 398 2290 Iustus
410 2227 550 2288 Catonius
565 2234 594 2287 et
608 2225 730 2288 Rulrius
745 2225 848 2286 PoMio.
879 2225 985 2286 deinde
997 2226 1083 2286 amici
1095 2224 1148 2285 Sa-

72 2313 214 2374 turninus
225 2311 333 2374 Lusius
349 2321 378 2374 et
389 2312 468 2374 Pedo
480 2311 639 2392 Pompeius
651 2318 680 2371 et
691 2310 793 2390 Lupus
805 2319 835 2372 et
847 2309 931 2372 Celer
943 2310 1062 2372 Asinius
1075 2329 1148 2371 con-

26 2403 52 2455 25
70 2398 193 2460 sulares.
222 2397 378 2458 novissime
390 2398 489 2460 fratris
501 2397 567 2472 filia,
584 2395 696 2459 sororis
708 2395 775 2470 lilia,
791 2395 904 2475 generi,
916 2395 1022 2470 soceri,
1035 2413 1148 2468 socrus,

73 2500 178 2544 omnes
199 2482 288 2561 plane
311 2482 535 2563 consanguinei.
565 2490 594 2542 et
616 2481 735 2560 agmine·
749 2481 826 2541 lacto
842 2479 961 2541 Claudio
978 2488 1149 2540 occurrunt.

73 2587 150 2647 quos
172 2585 240 2628 cum
261 2567 379 2629 vidisset
402 2567 555 2641 Claudius,
579 2567 736 2629 exclamat:
760 2561 873 2629 πάντα
896 2563 1005 2651 φίλων
1026 2560 1148 2650 πλήρη,

73 2651 233 2732 ‘quomodo
254 2652 315 2714 hue
336 2652 458 2715 venistis
479 2650 562 2714 vos‘l’
584 2661 647 2713 tum
670 2651 750 2712 Pedo
766 2651 939 2731 Pompeius:
964 2649 1044 2729 ‘quid
1067 2648 1149 2722 dicis,

73 2739 163 2798 homo
179 2736 402 2801 crudelissime?
425 2738 543 2818 quaeris
559 2735 730 2816 quomodo?
754 2737 819 2815 quis
835 2735 915 2797 enim
930 2755 987 2797 nos
1001 2735 1076 2797 alius
1090 2735 1149 2796 huc
1201 2749 1207 2756 ⁸

30 2829 54 2880 tt
74 2823 155 2884 misit
175 2841 264 2901 quam
287 2832 335 2898 tu,
360 2823 493 2884 omnium
517 2823 680 2884 amicorum
703 2819 900 2882 interlector?
922 2821 953 2881 in
969 2821 1015 2882 ius
1031 2838 1148 2882 eamus:

73 2907 197 2988 egotibi
212 2907 260 2969 hic
275 2907 361 2969 sellas
376 2907 548 2969 ostendam’.

160 2992 241 3053 ducit
263 2992 346 3053 illum
361 2992 397 3053 ad
412 2991 544 3053 tribunal
558 2991 661 3051 Aeaei:
685 2990 710 3050 is
732 2989 796 3068 lege
813 2988 950 3050 Cornelia
966 3005 1041 3067 quae
1057 2987 1093 3048 de
1109 2987 1149 3049 si·
1170 2992 1209 3053 14

74 3077 161 3139 curiis
172 3078 228 3139 lata
241 3086 294 3153 est,
307 3076 477 3157 quaerebat.
498 3075 638 3156 postulat,
655 3092 765 3135 nomen
778 3074 841 3135 eius
852 3073 991 3152 recipiat3
1008 3071 1069 3132 edit
1079 3071 1150 3134 sub-

11 3179 14 3200 ’
74 3162 282 3242 scriptionem:
306 3164 421 3225 occisos
436 3169 588 3224 senatores
602 3159 722 3231 XXXV,
741 3159 854 3238 equites
868 3157 903 3218 R.
920 3156 1047 3231 CCXXI,
1071 3165 1150 3218 cete-

30 3254 54 3305 tt
74 3268 125 3310 ros
142 3236 206 3311 ὅσα
217 3245 387 3330 ψάμαθός
398 3270 435 3312 ue
445 3243 534 3322 κόνις
548 3268 593 3310 τε.
622 3246 794 3307 advocatum
805 3263 868 3306 non
881 3243 1001 3304 invenit.
1030 3243 1150 3304 tandem

75 3331 212 3416 procedit
222 3333 254 3393 P.
271 3334 438 3410 Petronius,
455 3341 536 3394 vetus
551 3331 703 3394 convictor
718 3329 798 3404 eius,
814 3327 903 3389 bomo
921 3327 1077 3390 Claudiana
1093 3327 1151 3388 lin·

76 3417 287 3500 gundbertus,
305 3418 474 3496 etpostulat
489 3417 720 3479 advocationem.
748 3433 810 3476 non
823 3414 918 3474 datur.
944 3420 1063 3474 accusat
1073 3412 1152 3473 Pedo

48 3523 49 3528 ¹
77 3500 238 3580 Pompeius
251 3503 365 3581 magnis
376 3502 564 3564 clamoribus.
595 3501 700 3581 incipit
713 3508 858 3580 patronus
870 3498 945 3559 velle
960 3497 1153 3578 respondere.

77 3590 208 3659 Aeacus,
223 3585 312 3647 homo
329 3586 520 3661 iustissimus,
535 3595 613 3648 vetat
624 3595 654 3648 et
667 3586 750 3647 illum
765 3585 856 3646 altera
871 3591 985 3645 tantum
1000 3590 1086 3662 parte
1100 3600 1153 3643 au-

164 3741 178 3790 't
196 3735 338 3799 fontenei
357 3740 383 3790 et
397 3735 407 3808 ΙΙ
428 3740 458 3791 16
475 3737 561 3790 lunius
578 3735 589 3805 ΙΙ
609 3739 638 3788 tt
658 3750 738 3802 eques
750 3735 760 3802 ΙΙ
781 3737 812 3788 19
829 3739 890 3800 post
909 3734 1004 3786 lecerat
1021 3731 1154 3784 nonnulla

78 3809 206 3861 uidentur
223 3806 389 3858 intercidisse
402 3809 411 3872 {t
424 3809 453 3873 tt
475 3805 587 3872 pherona
605 3807 663 3856 otus
676 3803 686 3870 ΙΙ
699 3806 731 3855 23
749 3801 829 3854 roilus
846 3804 927 3865 (corr.
939 3806 969 3853 tn
980 3800 1070 3867 rufius)
1101 3815 1155 3852 om·

79 3876 148 3929 lilius
167 3877 177 3945 ΙΙ
195 3877 228 3928 28
245 3890 293 3928 vos
310 3875 360 3928 huc
379 3879 429 3927 aut
445 3875 496 3926 huc
514 3887 561 3924 vos
578 3871 686 3924 venistis
711 3871 813 3922 eodteca
830 3871 990 3937 interpolati
1005 3868 1015 3936 11
1033 3817 1154 3924 341111

81 3946 180 4014 equites
197 3959 218 3998 r.
235 3941 258 3994 V
277 3949 392 3997 caeteros
410 3941 506 3996 GGXXl
523 3932 575 3994 ὅσα
594 3939 603 4008 ΙΙ
626 3942 657 3993 35
677 3939 846 3992 desideratur
863 3938 983 3992 Claudius
1002 3937 1154 3991 advocatum
