2772 4476
674 215 827 271 rerhohll

741 352 757 388 a

367 497 428 538 non
442 477 518 539 bibit
532 477 611 538 inter
625 493 715 556 aquas
729 494 816 555 poma
836 483 886 537 aut
899 474 1060 554 pendentia
1075 474 1169 554 carpit
1312 483 1335 533 L

417 563 557 624 Tantalus
572 562 682 636 infelix,
699 579 787 640 quem
803 579 855 622 sua
870 567 935 621 vota
949 567 1099 640 premunt.

366 648 461 710 divitis
476 649 548 710 haec
563 647 662 725 magni
677 647 767 708 iacies
784 647 848 721 erit,
865 645 963 706 omnia
978 645 1090 707 circum

417 733 468 812 qui
483 741 566 794 tenet
580 740 609 792 ct
623 733 702 793 sicco
718 731 878 810 concoquit
892 748 945 791 ore
965 731 1080 790 lumem.

299 923 361 966 non
387 903 513 963 multum
539 910 657 981 oportet
681 901 804 963 consilio
830 900 969 972 credere,
996 898 1063 977 quia
1090 915 1172 959 suam
1200 897 1329 960 habeta

218 990 337 1051 fortuna
350 988 497 1049 rationem

741 1074 758 1112 p

164 1142 206 1206 83
277 1162 283 1216 1
301 1159 330 1219 in
346 1158 569 1237 pinacothecam
583 1156 706 1236 perveni
717 1154 796 1216 vario
811 1173 922 1234 genere
936 1154 1102 1215 tabularum
1113 1153 1291 1214 mirabilem.

215 1261 284 1306 nam
307 1252 337 1304 et
358 1242 502 1304 Zeuxidos
529 1258 634 1303 manus
653 1241 712 1302 vidi
732 1240 865 1300 nondum
886 1240 1037 1301 vetustatis
1057 1239 1166 1300 iniuria
1188 1239 1290 1312 victas,

215 1340 244 1390 ea
267 1328 441 1406 Protogenis
461 1326 628 1388 rudimenta
650 1343 717 1387 cum
740 1325 832 1404 ipsius
854 1332 978 1386 naturae
1000 1324 1121 1386 veritate
1143 1324 1290 1384 certantia

217 1433 279 1476 non
291 1413 356 1475 sine
368 1412 496 1492 quodam
507 1413 632 1473 horrore
643 1410 774 1473 tractavi.
805 1410 863 1470 iam
873 1427 942 1471 vero
956 1409 1066 1490 Apellis
1079 1426 1167 1488 quam
1182 1409 1290 1471 Graeci
1314 1420 1341 1470 tu

216 1494 422 1585 μονόκνημον
448 1497 612 1578 appellant,
639 1496 727 1558 etiam
753 1495 878 1556 adoravi.
914 1502 995 1556 111111
1021 1495 1100 1554 enim
1126 1493 1290 1556 subtilitate

216 1584 413 1645 extremitates
429 1583 591 1662 imaginum
606 1590 691 1644 erant
705 1581 741 1642 ad
756 1580 977 1642 similitudinem
992 1580 1158 1660 praecisae,
1173 1588 1208 1639 ut
1223 1597 1290 1640 cre-

216 1669 301 1731 deres
316 1670 402 1730 etiam
423 1669 589 1730 animorum
611 1687 675 1730 esse
690 1667 845 1746 picturam.
875 1666 946 1727 hinc
968 1665 1063 1744 aquila
1078 1663 1192 1725 ferebat
1207 1664 1290 1725 caelo

216 1753 349 1816 sublimis
360 1754 490 1828 ldaeum,
503 1753 584 1816 illinc
593 1752 829 1832 candidusllylas
840 1750 1002 1830 repellebat
1014 1750 1178 1830 improbam
1187 1750 1289 1810 Naida.

216 1838 375 1900 damnabat
389 1838 494 1917 Apollo
515 1839 619 1901 noxias
639 1855 745 1898 manus
766 1837 918 1916 lyramque
939 1835 1099 1898 resolutam
1112 1835 1201 1896 modo
1218 1845 1290 1896 nato
1312 1848 1341 1897 15

216 1921 475 1984 florehonorabat.
502 1922 581 1983 inter
592 1939 667 2000 quos
679 1922 766 1981 etiam
777 1921 926 2001 pictorum
942 1920 1102 1982 amantium
1112 1920 1210 1982 vultus
1222 1929 1289 1981 tan-

218 2024 306 2086 quam
317 2008 348 2068 in
361 2007 519 2068 solitudine
531 2006 702 2067 exclamavit
719 2011 799 2084 ‘ergo
813 2023 896 2066 amor
907 2006 993 2067 etiam
1006 2005 1078 2066 deos
1089 2005 1193 2084 tangit.
1218 2006 1289 2085 lup-

216 2093 293 2174 piter
309 2093 339 2152 in
355 2092 437 2153 caelo
452 2110 506 2154 suo
522 2111 583 2154 non
598 2091 710 2152 invenit
726 2091 805 2170 quod
826 2091 977 2170 diligeret,
998 2091 1050 2153 sed
1065 2100 1243 2170 peccaturus
1257 2089 1288 2153 rh

216 2177 302 2239 terris
319 2177 430 2239 nemini
441 2185 538 2238 tamen
552 2176 689 2238 iniuriam
705 2177 782 2237 lecit.
809 2175 903 2256 Hylan
916 2177 1048 2257 Nympha
1060 2176 1199 2254 praedata
1213 2185 1289 2238 tem·

217 2273 350 2344 pecasset
365 2263 457 2324 amori
472 2281 537 2337 suo,
552 2263 576 2324 si
592 2271 750 2324 venturum
765 2263 800 2322 ad
816 2262 1006 2324 interdictum
1019 2261 1177 2322 Herculem
1193 2262 1291 2323 credi·
1311 2272 1341 2322 21

217 2348 316 2410 disset.
339 2346 443 2428 Apollo
455 2348 540 2430 pueri
550 2347 685 2409 umbram
695 2347 880 2409 revocavitin
892 2348 1004 2422 florem,
1017 2355 1047 2408 et
1058 2365 1162 2407 omnes
1173 2346 1290 2409 tabulae

117 2437 122 2444 '
218 2451 337 2512 quoque
352 2434 417 2496 sine
433 2434 548 2496 aemulo
563 2433 734 2495 habuerunt
747 2432 927 2512 complexus.
958 2441 987 2494 at
1002 2451 1056 2512 ego
1071 2432 1102 2493 in
1118 2432 1291 2494 societatem

217 2518 317 2597 recepi
331 2519 477 2598 hospitem
492 2518 628 2598 Lycurgo
643 2517 858 2580 crudeliorem’.
879 2533 885 2604 1

303 2620 371 2663 ecce
383 2611 490 2675 autem,
503 2620 558 2679 ego
566 2603 635 2662 dum
647 2621 715 2662 cum
726 2601 821 2663 ventis
831 2602 923 2681 litigo,
935 2603 1054 2662 intravit
1063 2602 1289 2682 pinacothecam

218 2702 310 2748 senex
321 2701 421 2761 canus,
434 2686 585 2746 exercitati
597 2687 694 2750 vultus
700 2695 729 2746 et
740 2687 791 2765 qui
801 2687 949 2748 videretur
955 2687 1055 2749 nescio
1068 2686 1138 2766 quid
1149 2703 1291 2767 magnum
1312 2697 1341 2747 15

217 2770 406 2851 promittere,
422 2770 474 2832 sed
489 2771 571 2831 cultu
586 2789 648 2832 non
663 2771 789 2850 proinde
804 2772 970 2851 speciosus,
986 2781 1019 2833 ut
1034 2773 1118 2833 facile
1133 2785 1292 2852 appareret

218 2873 286 2917 eum
301 2873 338 2916 eu
353 2856 408 2916 hac
423 2863 493 2916 notu
507 2855 690 2916 literatorum
707 2874 788 2932 esse,
805 2873 879 2934 quos
895 2857 992 2920 odisse
1007 2857 1109 2920 divites
1124 2857 1230 2919 solent.
1264 2858 1291 2920 is

222 2957 293 3018 orgo
309 2941 344 3002 ad
359 2941 435 3002 latus
450 2941 583 3002 constitit
595 2959 695 3002 meum

744 3047 761 3086 *

245 3191 247 3195 ,
304 3111 379 3190 ‘ego'
394 3111 491 3191 inquit
507 3116 604 3191 ‘poeta
619 3129 684 3172 sum
700 3120 730 3172 et
744 3120 777 3172 ut
791 3129 892 3192 spero,
910 3107 971 3172 no'n
987 3112 1142 3175 humillimi
1157 3114 1289 3194 spiritus,

218 3195 347 3257 simodo
363 3196 605 3276 coronisaliquid
621 3195 801 3258 credendum
824 3204 881 3272 est,
905 3214 978 3276 quas
999 3198 1086 3258 etiarn
1109 3199 1143 3260 ad
1158 3198 1290 3262 immeri-
1313 3208 1342 3258 ac

218 3287 265 3342 tos
280 3279 394 3342 deterre
409 3282 502 3360 gratia
516 3282 600 3344 solet.
632 3283 742 3360 “quare
763 3281 853 3360 ergo’'
868 3279 967 3360 inquis
983 3285 1061 3344 “mm
1075 3285 1152 3346 male
1166 3286 1291 3348 vestitus

165 3445 168 3448 Ι
218 3362 307 3509 esl'’f
321 3375 444 3445 propter
457 3367 515 3428 hoc
530 3366 636 3447 ipsum.
674 3383 757 3427 amor
772 3365 884 3447 ingenii
901 3367 1049 3429 neminem
1065 3385 1196 3451 unquam
1216 3371 1290 3432 divi-

219 3456 279 3511 tem
304 3449 371 3510 ecit.

342 3533 347 3618 1
367 3534 417 3614 qui
432 3536 537 3616 pelago
553 3537 654 3611 credit,
671 3553 778 3616 magno
793 3555 825 3600 se
840 3538 961 3600 faenore
977 3539 1069 3616 tollit;
1297 3547 1344 3598 to

306 3707 317 3756 1
338 3704 388 3755 boc
400 3703 574 3754 tetrastichon
588 3709 651 3771 port
662 3720 692 3772 p.
706 3707 746 3766 14,
759 3708 774 3758 3
787 3709 850 3758 anta
862 3721 892 3772 p.
905 3709 946 3771 21,
957 3709 990 3760 34
1002 3707 1065 3758 olim
1078 3707 1164 3758 locum
1176 3707 1292 3776 1111111111

216 3773 234 3823 3
250 3775 317 3836 puto
335 3771 421 3824 miseri
436 3771 441 3839 1
456 3771 540 3824 omnia
559 3786 666 3826 cernens
689 3773 753 3825 111νί
758 3811 766 3838 ,
791 3774 875 3826 omnia
898 3773 951 3826 late
967 3773 1131 3838 Fulgentius
1148 3775 1157 3844 11
1179 3778 1196 3828 4
1218 3781 1292 3828 tenet

216 3837 392 3902 Fulgentius:
415 3841 489 3892 timot
513 3838 604 3908 librili
621 3841 650 3894 11
675 3853 854 3894 monocremon
872 3841 881 3908 11
908 3845 938 3894 13
961 3840 1076 3902 sortasse
1098 3843 1139 3895 bic
1162 3843 1292 3912 1111111111

221 3909 251 3962 14
269 3904 372 3973 daumii
390 3909 421 3960 18
439 3907 546 3973 eligeret
563 3911 589 3960 et
605 3909 615 3978 11
641 3911 671 3962 ro
691 3910 842 3975 imperasset
859 3907 869 3977 11
891 3911 924 3960 22
942 3908 1086 3961 habuerunt
1107 3912 1162 3964 sine
1187 3913 1291 3964 aemulo

212 3990 282 4043 pars
300 3975 429 4026 librorum
445 3973 455 4043 1
473 3977 504 4026 21
523 3975 651 4028 literatum
669 3974 678 4043 11
698 3979 730 4029 30
748 3977 879 4042 imperitos
1063 3975 1065 3980 '
