2772 4476
562 192 701 248 sarman
1127 189 1167 252 15

25 377 73 428 Lo
92 373 197 438 crimis
211 373 244 434 in
260 371 352 433 risum
367 377 446 430 mota
468 368 683 431 descendentes
703 368 740 430 ab
755 386 826 431 aure
850 369 971 452 capillos
992 388 1075 433 meos
1089 371 1169 432 lenta

50 462 73 513 L
91 478 188 522 manu
205 457 289 518 duxit
307 453 312 536 Ι
332 463 361 516 et
377 454 471 516 ‘facio'
486 454 584 533 inquit
603 454 742 517 ‘indutias
755 455 918 532 vobiscum,
934 465 963 516 et
978 474 995 516 a
1009 456 1169 518 constituta
1176 445 1264 516 leue„

28 548 75 598 Lo
92 547 146 608 lite
169 543 295 605 dimitto.
331 539 412 619 quod
431 538 436 619 l
456 539 480 602 si
501 559 562 601 non
584 539 760 602 adnuissetis
779 541 816 602 de
836 543 892 603 hae
913 539 1060 602 medicina
1081 557 1168 620 quam

93 640 174 712 peto,
192 629 250 690 iam
261 633 362 707 parata
378 625 485 686 eratin
502 625 663 687 crastinum
675 625 770 696 turha,
786 645 862 706 quae
878 635 907 689 et
921 626 1059 690 iniuriam
1073 644 1169 687 meam

61 721 77 771 5
94 715 258 778 vindicaret
272 720 302 772 et
316 711 504 790 dignitatem:

250 796 403 858 contemni
419 804 506 875 turpe
522 805 575 868 est,
591 796 685 873 legem
701 795 813 857 donare
828 797 1006 877 superbum;

286 883 434 980 hocfflp,
450 881 529 961 quod
543 898 666 961 possum
681 899 739 960 qua
753 881 826 944 libet
840 883 883 943 ire
898 883 952 944 via.

252 986 319 1030 nam
336 965 407 1029 sane
421 965 452 1027 lt
467 966 585 1045 sapiens
600 974 789 1047 contemptus
806 967 898 1047 iurgia
913 967 1014 1042 nectit,
1128 971 1238 1048 cymino

288 1052 383 1132 etqui
399 1070 460 1113 non
477 1051 598 1131 iugulat,
613 1051 709 1113 victor
724 1051 805 1114 abire
821 1053 905 1115 solet'

629 1157 646 1195 *

49 1232 79 1283 10
184 1223 343 1304 complosis
358 1221 465 1284 deiude
486 1220 623 1284 manibus
643 1222 673 1282 in
690 1230 804 1284 tantum
827 1232 951 1303 repente
970 1224 1064 1286 risum
1079 1225 1171 1286 effusa

97 1319 158 1386 est,
182 1320 215 1371 ut
226 1309 407 1371 timeremus.
441 1305 518 1368 idem
540 1325 575 1368 ex
597 1307 688 1368 altera
710 1317 793 1387 parte
815 1317 845 1370 et
860 1310 966 1371 aneilla
989 1309 1072 1383 fecit,
1095 1327 1171 1390 quae

96 1396 181 1477 prior
203 1403 338 1467 venerat,
366 1393 443 1455 idem
465 1392 654 1472 virguncula,
684 1411 760 1471 quae
783 1383 843 1455 ulad
865 1396 1032 1456 intraverat.
1073 1395 1171 1456 omnia
1191 1373 1296 1484 19³5*st

90 1481 218 1544 mimico
235 1480 296 1541 risu
312 1488 527 1551 exsonuerant,
549 1495 617 1539 oum
631 1478 748 1539 interim
764 1497 834 1554 nos,
851 1499 926 1560 quae
940 1488 1001 1541 tam
1016 1481 1172 1560 repentina
1263 1470 1313 1520 lm

99 1575 176 1630 esset
198 1564 322 1627 mutatio
345 1565 513 1626 animorum
536 1565 625 1635 lacta,
655 1563 859 1641 ignoraremus
889 1584 922 1627 ac
945 1564 1033 1625 modo
1057 1574 1173 1628 nosmet

55 1660 82 1710 15
98 1653 180 1734 ipsos
194 1650 283 1712 modo
299 1649 438 1712 mulieres
453 1647 638 1709 intueremur
680 1668 682 1672 ·

629 1752 646 1790 ἠ

61 1827 82 1877 d
183 1819 284 1902 y‘ideo
299 1819 377 1880 vetui
395 1818 483 1879 hodie
501 1818 532 1878 in
548 1818 605 1878 hoc
622 1817 788 1879 deversorio
811 1835 989 1898 quemquam
1005 1820 1172 1882 mortalium
1205 1833 1248 1868 'ou

101 1906 228 1978 admitti,
251 1914 284 1965 ut
299 1904 460 1966 remedium
483 1903 626 1965 tertianae
641 1903 706 1964 sine
727 1903 785 1964 ulla
807 1903 1044 1983 interpellatione
1060 1906 1173 1968 archis

77 1990 285 2072 acciperem!
315 1999 348 2050 ut
368 1990 440 2050 haec
462 1989 534 2050 dixit
549 1988 708 2068 Quartilla,
730 1989 864 2069 Ascyltos
885 1990 1004 2068 quidem
1025 1991 1175 2071 paulisper

57 2171 91 2223 ru
101 2163 223 2226 verbum
247 2162 390 2222 emittere.
428 2161 479 2221 sed
503 2179 540 2220 ne
565 2158 636 2237 quid
656 2159 769 2221 tristius
792 2170 993 2239 expectarem,
1020 2162 1276 2238 comitatusoampea

102 2248 235 2311 iaciebat.
273 2255 334 2308 tres
355 2247 434 2306 enim
455 2254 541 2306 erant
561 2244 769 2319 mulierculae,
795 2245 819 2306 si
842 2245 912 2324 quid
934 2245 1042 2306 vellent
1064 2246 1175 2320 conari,

103 2333 335 2404 infirmissimae,
358 2330 470 2391 scilicet
492 2337 596 2390 contra
620 2348 689 2402 nos,
712 2329 813 2410 quidus
835 2330 859 2390 si
882 2330 956 2391 nihil
971 2330 1063 2406 aliud,
1085 2331 1176 2392 virilis

103 2438 189 2482 sexus
199 2425 286 2480 esset.
317 2425 347 2476 et
361 2415 524 2494 praecincti
538 2422 619 2475 certe
631 2413 717 2474 altius
729 2432 854 2475 eramus.
885 2415 974 2476 immo
991 2433 1045 2494 ego
1061 2417 1103 2478 sic
1118 2417 1176 2476 iam

103 2505 184 2586 paria
200 2519 442 2582 composueram,
465 2508 497 2560 ut
518 2499 542 2560 si
557 2499 788 2579 depugnandum
804 2499 895 2573 foret,
917 2501 980 2580 ipse
997 2519 1065 2562 cum
1080 2501 1176 2573 Quar-

59 2598 87 2648 25
103 2591 164 2653 tilla
178 2589 382 2662 consisterem,
399 2585 532 2665 Ascyltos
548 2603 617 2646 cum
631 2584 745 2659 ancilla,
762 2585 850 2646 Giton
866 2603 934 2646 cum
949 2585 1063 2666 virgine

634 2691 651 2729 dr

189 2768 263 2821 tunc
284 2775 353 2818 vero
376 2755 482 2818 excidit
505 2757 602 2816 omnis
618 2743 784 2817 constantia
800 2756 948 2830 attonitiS,
971 2765 1000 2818 et
1018 2775 1099 2818 mors
1114 2775 1176 2818 uon

103 2845 192 2909 dubia
208 2844 384 2905 miserorum
401 2842 503 2903 oculos
518 2840 617 2920 coepit
633 2839 781 2903 obducere

635 2946 652 2985 ὴ

191 3014 283 3094 ‘rogo’
299 3013 419 3092 inquam
436 3011 580 3085 domina,
597 3010 622 3072 si
637 3010 707 3090 quid
724 3010 835 3073 tristius
849 3028 945 3091 paras,
961 3011 1088 3074 celerius
1103 3029 1177 3072 con·
1195 3010 1235 3073 20

104 3105 175 3177 tiee3
193 3118 290 3178 neque
306 3098 385 3160 enim
401 3107 459 3159 tam
475 3115 617 3177 magnum
633 3095 747 3158 lacinus
762 3096 948 3170 admisimus,
970 3104 1003 3157 ut
1018 3096 1177 3157 debeamus

58 3196 88 3248 30
104 3187 176 3250 torti
190 3184 298 3266 perire'
634 3264 650 3300 *

194 3352 298 3412 aneilla
314 3371 387 3430 quae
402 3354 515 3433 Psyche
530 3352 703 3426 vocabatur,
725 3349 882 3412 lodiculam
904 3351 933 3412 in
951 3350 1118 3430 pavimento
1134 3350 1178 3410 di·
1190 3325 1279 3394 i'e'll‘f'

107 3441 239 3520 ligantes
253 3436 384 3496 extendit

633 3526 650 3564 ὴ

194 3604 360 3669 sollicitavit
375 3605 496 3684 inguina
511 3625 575 3668 mea
590 3607 670 3669 mille
685 3607 742 3669 iam
758 3605 904 3668 mortibus
919 3605 1023 3686 frigida
1190 3651 1209 3684 „
1226 3585 1247 3675 Ἀ

108 3743 311 3756 ..σ-ι-υν--ν-

197 3829 208 3878 1
231 3829 327 3877 teutata
349 3825 389 3876 oel
407 3827 531 3890 temptata
549 3838 627 3876 mauu
643 3825 654 3892 Ι
671 3828 686 3877 3
704 3827 861 3890 llogitomus
879 3838 927 3874 vos
944 3821 989 3874 lite
1008 3821 1019 3891 Ι
1037 3824 1052 3874 8
1072 3823 1151 3875 flectit
1168 3820 1178 3890 ΙΙ

113 3897 141 3948 13
162 3893 240 3946 nimio
264 3894 328 3944 libri
347 3897 459 3960 praeter
475 3891 637 3944 Berneaeam
653 3891 663 3960 y
681 3895 714 3945 23
732 3898 816 3958 esset,
834 3895 860 3942 at
878 3891 961 3942 eodem
978 3890 1177 3955 Seoligoraaos.

11 3981 12 3984 ¹
110 3967 135 4014 ei
150 3962 303 4030 particulae
321 3963 394 4014 loeus
412 3967 473 4013 erut
490 3963 519 4012 in
533 3962 628 4028 priore
645 3962 777 4014 sententio
795 3963 885 4028 operte
902 3959 996 4012 mutila
