2780 4480
356 1 698 9 m—-u

552 199 692 254 sarman

236 375 429 438 corasentiunt
443 375 616 448 luminibus,
632 374 807 436 fulmineum
819 375 904 436 iubar

235 461 368 523 incendit
383 478 495 539 aequor
508 459 659 539 sibilisque
670 460 769 522 undae
779 461 919 522 fremunt.
1047 474 1077 526 to

237 555 377 625 stupuere
392 555 517 608 mentes.
547 544 648 607 infulis
663 544 781 608 stabant
795 547 872 608 sacri

236 630 425 711 Phrygioque
441 631 523 692 cultu
537 631 654 710 gemina
676 630 737 692 nati
752 630 877 710 pignore

237 716 399 777 Leuconte.
429 734 504 794 quos
520 723 643 797 repente
658 715 827 795 tergoribus
842 715 934 796 ligant

237 819 351 880 angues
365 800 491 870 corusci
521 800 658 880 parvulas
672 801 712 862 illi
728 819 835 862 manus

237 886 271 946 ad
288 904 340 947 ora
355 887 498 960 referunt,
513 893 619 947 neuter
633 885 740 947 auxilio
755 885 820 961 sibi,
1048 898 1077 948 rt

238 978 365 1050 uterque
380 971 480 1032 tratri:
495 971 647 1032 transtulit
660 970 755 1050 pietas
770 971 848 1033 vices

239 1074 380 1135 morsque
396 1056 460 1135 ipsa
474 1057 598 1118 miseros
613 1064 715 1116 mutuo
732 1056 830 1136 perdit
844 1065 934 1118 metu.

238 1141 405 1202 accumulat
419 1160 489 1202 ecee
505 1141 630 1202 libemm
648 1142 739 1203 lunus
753 1159 871 1220 parens,

236 1227 373 1288 infirmus
387 1227 550 1288 auxiliator.
580 1227 721 1288 invadunt
742 1227 835 1288 virum

236 1311 295 1373 iam
307 1323 403 1372 morte
413 1312 489 1390 pesti
500 1311 692 1391 membraque
705 1311 740 1372 ad
756 1319 864 1374 terram
879 1312 1011 1374 trabunt.
1047 1322 1077 1374 tt)

238 1397 314 1458 iacet
328 1397 466 1459 sacerdos
480 1397 559 1458 inter
574 1415 639 1458 aras
653 1396 770 1458 victima

237 1491 408 1561 terramque
424 1481 544 1562 plangit.
573 1482 617 1544 sie
632 1480 794 1561 profanatis
809 1482 899 1544 sacris

238 1567 370 1648 periture
386 1567 473 1628 Troia
489 1567 617 1646 perdidit
630 1566 761 1646 primum
776 1567 856 1627 deos.

281 1653 338 1712 iam
354 1652 442 1732 plene
458 1651 577 1712 Pboebe
593 1650 750 1712 candidum
765 1651 910 1712 extulerat
924 1650 1008 1712 iubar

238 1737 355 1798 minora
370 1737 483 1798 ducens
497 1746 574 1798 astra
590 1736 714 1797 radianti
730 1737 803 1810 lace,
1046 1745 1075 1796 u

239 1840 308 1884 cum
318 1823 397 1884 inter
408 1822 540 1902 sepultos
551 1821 711 1883 Priamidas
723 1830 812 1882 nocte
828 1829 858 1882 et
873 1839 956 1882 mero

239 1907 332 1968 Danai
347 1906 481 1968 relaxent
494 1907 621 1969 claustra
637 1915 668 1968 et
682 1907 841 1968 ellnndnnt
854 1907 942 1969 viros.

238 2000 385 2072 temptant
398 1992 430 2053 in
446 1992 535 2054 armis
549 2011 581 2054 se
595 1994 703 2066 duces,
718 2009 774 2053 ceu
789 1991 841 2054 ubi
855 1992 930 2054 solet

240 2076 320 2139 nodo
335 2078 476 2140 remissus
490 2077 622 2140 'lbessali
638 2077 807 2157 quadrupes
822 2077 882 2156 iugi

240 2163 385 2224 cervicem
402 2170 431 2223 et
445 2163 516 2224 altas
532 2171 652 2242 quatere
667 2164 702 2223 ad
717 2180 876 2224 excursum
891 2162 983 2224 iubas.
1047 2173 1077 2224 td

239 2247 351 2326 gladios
366 2256 546 2321 retractant,
562 2256 748 2310 commovent
764 2246 852 2308 orbes
866 2265 958 2307 manu

239 2331 410 2411 bellumque
424 2342 556 2395 sumunt.
585 2332 633 2394 bic
647 2349 752 2411 graves
766 2331 841 2393 alius
855 2349 936 2392 mero

241 2417 400 2478 obtruncat
416 2427 445 2478 et
459 2417 614 2479 continuat
628 2417 658 2477 in
671 2426 797 2476 mortem
813 2416 943 2477 ultimam

240 2521 373 2576 somnos,
390 2502 424 2562 ab
441 2502 499 2563 aris
514 2502 588 2564 alius
603 2501 738 2562 accendit
751 2500 831 2562 laces

243 2596 407 2666 contraque
422 2588 514 2648 Troas
534 2587 651 2648 invocat
665 2586 772 2648 Troiae
786 2585 888 2648 secra?
1048 2597 1077 2647 65

48 2679 70 2730 t
167 2668 173 2752 Ι
194 2691 212 2730 s
229 2691 266 2734 en
280 2672 321 2747 is,
337 2673 387 2753 qui
402 2674 432 2735 iu
447 2673 612 2754 porticibus
627 2671 844 2751 spatiabantur,
867 2672 979 2751 lapides
992 2671 1025 2732 in
1040 2671 1161 2750 Eumol·
1187 2671 1227 2732 90

86 2775 158 2838 pum
180 2758 356 2820 recitantem
378 2759 532 2820 miserunt.
563 2767 592 2818 at
614 2758 676 2832 ille,
700 2757 751 2835 qui
766 2758 902 2837 plausum
919 2758 1031 2836 ingenii
1045 2758 1091 2819 sui
1107 2778 1161 2820 no-

85 2852 183 2914 verat,
208 2843 327 2924 operuit
343 2852 433 2922 capnt
446 2851 587 2922 extraque
602 2843 746 2924 templum
760 2843 901 2922 profugit
931 2843 1016 2904 timui
1033 2861 1107 2923 ego,
1123 2864 1160 2905 ne

85 2944 135 2987 me
157 2937 274 3007 poetam
296 2936 424 2990 vocaret.
461 2928 559 3006 itaque
581 2928 759 2990 subsecutus
781 2929 944 3008 lugientem
959 2928 994 2989 ad
1010 2928 1079 2990 litus
1093 2947 1162 3008 per-

52 3024 66 3072 5
86 3011 165 3086 veni,
180 3022 210 3074 et
223 3023 258 3075 ut
271 3014 400 3094 primum
417 3022 498 3074 extra
513 3013 563 3075 teli
586 3013 755 3074 coniectum
777 3013 861 3076 licuit
877 3013 1050 3086 consistere,
1067 3015 1162 3091 ‘rogo'

87 3097 209 3177 iuquam
225 3099 306 3178 ‘quid
328 3098 381 3160 tibi
396 3099 439 3160 ris
453 3116 520 3160 cum
536 3099 593 3160 isto
608 3095 737 3160 morbo?
758 3097 858 3160 minus
873 3115 961 3176 quem
977 3096 1093 3159 duabus
1106 3099 1161 3158 ho-

88 3183 129 3244 ris
148 3201 268 3246 mecum
290 3183 431 3258 moraris,
455 3192 484 3244 et
505 3183 622 3264 saepius
644 3183 761 3263 poetice
783 3201 870 3261 quem
894 3183 1023 3244 humane
1045 3183 1162 3245 locutus

89 3286 127 3329 es.
156 3269 256 3348 itaque
272 3289 333 3330 non
350 3268 456 3343 miror,
479 3268 503 3330 si
518 3279 548 3330 te
570 3268 699 3349 populus
721 3267 866 3348 lapidibus
881 3267 1077 3348 persequitur.
1107 3287 1162 3348 ego

89 3371 207 3433 quoque
222 3355 322 3417 sinum
344 3372 443 3416 meum
458 3354 535 3416 sanis
557 3354 707 3427 onerabo,
729 3362 764 3414 ut
778 3353 1014 3432 quotiescunque
1029 3356 1164 3434 coeperis

45 3444 71 3496 to
90 3455 105 3498 a
126 3447 155 3500 te
177 3439 274 3514 exire,
298 3440 472 3519 sangninem
496 3439 550 3500 tibi
572 3458 588 3500 a
612 3439 706 3519 capite
720 3437 853 3500 mittam’.
883 3438 974 3500 morit
987 3438 1036 3501 ille
1050 3439 1162 3503 vultum

88 3530 117 3584 et
132 3529 159 3586 ‘o
175 3525 226 3586 mi'
241 3525 339 3603 inquit
353 3525 550 3600 ‘adulescens,
574 3543 634 3586 non
651 3524 739 3584 bodie
761 3524 889 3604 primum
906 3523 1073 3605 auspicatus
1088 3543 1163 3586 sum.

168 3760 200 3812 39
218 3764 326 3826 pontum
343 3759 419 3812 iubae
437 3759 602 3810 convestiunt
614 3759 748 3824 Hauptiue
763 3763 824 3823 pert
835 3758 974 3810 luminibus
992 3759 1162 3810 intercidisse

92 3840 194 3878 aeneum
215 3832 307 3889 ratur,
333 3843 382 3893 ego
406 3827 559 3892 anguineum
580 3828 712 3892 proposui
734 3824 744 3893 l
765 3829 798 3878 40
823 3831 934 3878 tremunt
956 3823 966 3892 ll
992 3829 1024 3880 58
1047 3841 1095 3878 ceu
1118 3828 1163 3895 qui

91 3893 194 3946 Betim
204 3892 217 3962 ll
235 3898 267 3948 et
286 3895 354 3948 nudo
368 3897 421 3960 1163
440 3897 542 3946 noctem
557 3895 650 3946 neusa
664 3893 673 3958 ΙΙ
690 3896 723 3946 64
740 3893 823 3944 avaris
835 3892 845 3960 ΙΙ
864 3897 880 3947 4
898 3896 1071 3959 expectabam
1089 3902 1164 3961 puta-

93 3968 146 4014 rent
161 3960 171 4030 ll
191 3964 221 4015 ld
239 3964 331 4030 movit]
351 3966 416 4014 baec
432 3967 459 4014 et
475 3963 509 4014 de
523 3964 658 4030 praedm
676 3962 814 4030 coeptura
831 3964 862 4013 ia
879 3964 967 4014 artius
983 3963 1093 4016 redacto
