2772 4476
203 189 245 250 40
663 183 816 240 PuTuoNu

144 368 186 431 60
290 381 345 426 nec
359 359 410 424 diu
425 361 525 424 mirari
544 360 627 422 licuit
649 368 708 421 tam
726 359 875 439 elegantes
895 358 1045 439 strophas3
1067 376 1136 420 nam
1151 365 1277 440 repente
1296 365 1324 415 H

204 449 354 512 lacunaria
369 465 476 510 souare
491 453 657 526 coeperunt
671 452 825 523 totumque
836 443 998 505 triclinium
1009 443 1170 504 intremuit.
1202 462 1277 504 con-

205 542 353 598 sternatus
376 552 430 612 ego
452 531 605 594 exsurrexi
626 539 656 592 et
676 529 777 602 timui,
799 547 838 590 ne
860 547 915 610 per
928 537 1039 590 tectum
1053 528 1278 608 petauristarius

91 695 94 703 .
205 619 310 699 aliquis
324 618 527 680 descenderet.
557 635 613 677 nec
628 615 727 676 minus
742 614 848 694 reliqui
864 615 1002 676 convivae
1017 614 1158 675 mirantes
1174 633 1278 675 erexe-

206 723 239 767 re
263 705 378 777 vultus,
406 710 594 782 expectantes
616 701 686 780 quid
707 701 776 761 novi
800 701 836 761 de
862 701 942 761 caelo
970 699 1165 760 nuntiaretur.
1207 715 1315 764 ecoea

206 797 304 853 autem
320 787 446 850 diductis
461 786 651 848 lacunaribus
666 785 763 847 subito
779 785 909 847 circulus
923 785 1038 865 ingens,
1055 785 1091 846 de
1107 802 1182 866 cupa
1197 785 1279 845 ride·

205 876 275 938 licet
289 873 393 953 grandi
409 890 565 946 excussus,
588 870 766 944 demittitur,
788 871 873 932 cuius
893 888 947 950 per
960 877 1056 931 totum
1073 870 1176 931 orbem
1192 888 1279 931 coro-

207 952 265 1022 nae
278 975 383 1020 aureae
398 976 466 1019 cum
480 957 632 1018 alabastris
652 955 799 1036 unguenti
821 955 1001 1035 pendebant.
1031 956 1100 1015 dum
1115 955 1188 1016 baec
1204 973 1279 1036 apo-

208 1045 333 1125 pboreta
349 1043 486 1104 iubemur
500 1056 626 1117 sumere,
643 1041 805 1121 respiciens
821 1041 1004 1102 admoneam

207 1131 265 1192 iam
281 1128 340 1189 illic
355 1128 563 1208 repositorium
579 1145 646 1188 cum
662 1126 806 1206 placentis
828 1126 940 1204 aliquot
955 1133 1017 1186 erat
1031 1125 1176 1204 positum,
1200 1125 1282 1204 quod
1304 1139 1333 1189 10

207 1213 337 1276 modium
351 1213 475 1292 Priapus
491 1231 507 1274 a
521 1213 633 1292 pistore
648 1214 742 1272 lactus
756 1210 893 1284 tenebat,
909 1211 1082 1290 gremioque
1097 1211 1167 1272 satis
1181 1211 1280 1291 amplo

209 1298 306 1361 omnis
320 1299 439 1379 generis
453 1317 541 1378 poma
556 1306 586 1359 et
599 1314 669 1358 uvas
683 1296 848 1358 sustinebat
862 1313 945 1357 more
961 1296 1086 1375 vulgato.
1116 1296 1228 1358 avidius
1243 1298 1292 1357 ad·
1316 1323 1322 1334 ·

208 1401 347 1465 pompam
369 1401 475 1445 manus
495 1382 698 1463 porreximus,
728 1389 757 1442 et
778 1389 902 1462 repente
924 1399 999 1442 nova
1020 1381 1157 1442 ludorum
1179 1382 1282 1444 missio

207 1465 383 1530 hilaritatem
398 1467 446 1529 hic
462 1468 574 1529 reiecit.
612 1485 715 1528 omnes
739 1466 818 1528 enim
840 1467 993 1546 placentae
1016 1467 1174 1544 omniaque
1193 1483 1282 1547 poma

209 1555 295 1616 etiam
318 1553 440 1614 minima
460 1553 614 1615 vexatione
635 1561 770 1614 contacta
793 1559 958 1631 coeperunt
980 1551 1133 1612 effundere
1148 1569 1282 1626 crocum,
1306 1563 1332 1614 15

209 1649 237 1702 et
259 1658 354 1718 usque
376 1640 411 1700 ad
434 1658 468 1701 os
488 1639 631 1700 molestus
654 1656 739 1700 umor
754 1638 896 1698 accidere.
927 1636 982 1697 rati
997 1655 1068 1716 ergo
1084 1654 1201 1698 sacrum
1217 1655 1282 1700 esse

207 1724 362 1786 fericulum
385 1732 445 1785 tam
466 1724 604 1804 religio'so
625 1732 767 1804 apparatu
786 1723 955 1802 pertusum,
978 1721 1219 1784 consurreximus
1241 1723 1284 1784 al·

208 1810 267 1871 tius
288 1817 318 1870 et
333 1808 490 1888 magnato,
512 1809 590 1890 patri
611 1808 738 1888 patriae,
761 1806 900 1868 feliciter'
924 1807 1060 1868 diximus.
1105 1807 1283 1886 quibusdam

209 1902 309 1955 tamma
333 1893 419 1954 etiam
442 1903 510 1973 post
530 1893 608 1955 hanc
631 1892 851 1954 venerationem
867 1909 956 1972 poma
972 1891 1156 1972 rapientibus
1179 1901 1210 1954 et
1224 1893 1283 1974 ipsi

209 1995 331 2058 mappas
346 1978 540 2058 implevimus,
556 1997 611 2057 ego
627 1978 800 2057 praecipue,
816 1977 867 2056 qui
883 1978 965 2038 nullo
980 1977 1049 2039 satis
1064 1978 1161 2057 amplo
1177 1995 1285 2040 mune·
1306 1989 1333 2040 20

210 2081 243 2125 ra
258 2061 398 2142 putabam
412 2081 460 2124 me
476 2082 601 2125 onerare
616 2063 732 2124 Gitonis
746 2062 854 2124 sinum.

295 2147 374 2209 inter
393 2147 467 2209 haec
487 2157 548 2210 tres
568 2148 655 2229 pueri
681 2147 819 2210 candidas
845 2146 988 2209 succincti
1013 2147 1129 2209 tunicas
1155 2147 1285 2210 intravc·

210 2242 290 2310 runt,
306 2249 434 2313 quorum
450 2233 509 2296 duo
521 2234 612 2296 Lares
623 2234 750 2295 bullatos
764 2250 854 2314 super
868 2251 999 2294 mensam
1014 2240 1190 2312 posuerunt,
1205 2252 1286 2296 unus

211 2327 344 2400 pateram
357 2319 418 2380 vini
434 2320 647 2381 circumferens
662 2319 711 2380 ‘dii
726 2318 855 2399 propitii’
872 2317 1025 2379 clamabat.

212 2405 306 2466 aiebat
321 2413 420 2466 autem
433 2423 526 2467 uuum
543 2405 723 2480 Cerdonem,
739 2405 862 2464 alterum
878 2403 1074 2477 Felicionem,
1089 2403 1211 2464 tertium
1226 2403 1286 2466 Lu·
1307 2410 1334 2463 ts

212 2490 345 2552 orionem
359 2490 466 2551 vocari.
503 2510 559 2553 nos
579 2491 666 2551 etiam
687 2507 786 2550 veram
805 2489 962 2568 imaginem
985 2488 1076 2568 ipsius
1092 2487 1286 2551 Trimalchio·

212 2575 267 2650 nis,
284 2591 350 2636 cum
367 2575 424 2635 iam
440 2590 544 2636 omnes
558 2574 717 2647 basiarent,
740 2574 913 2635 erubuimus
927 2573 1100 2652 praeterire.

152 2657 191 2722 61
296 2643 452 2738 p‘ostquam
476 2678 547 2739 ergo
569 2677 673 2721 omnes
693 2657 802 2719 bonam
823 2667 952 2719 mentem
968 2657 1136 2738 bonamque
1150 2658 1288 2722 valitudi-

212 2761 281 2805 nem
296 2742 353 2805 sibi
370 2752 520 2823 optarunt,
536 2744 714 2806 Trimalchio
728 2745 763 2804 ad
776 2743 942 2805 Nicerotem
964 2745 1093 2823 respexit
1106 2752 1137 2806 et
1151 2744 1286 2807 ‘solebas'

213 2827 310 2908 inquit
332 2829 465 2890 ‘suavius
487 2847 551 2892 esse
572 2830 603 2891 in
626 2828 779 2906 convictu3
806 2829 906 2892 nescio
929 2829 1000 2908 qnid
1022 2847 1103 2890 nunc
1124 2838 1204 2891 taces
1230 2849 1288 2891 nec
1309 2838 1336 2890 ³⁰

213 2913 325 2975 mattis.
356 2931 408 2975 oro
423 2922 469 2988 te,
491 2915 534 2977 sic
548 2915 664 2976 felicem
678 2933 726 2975 me
741 2914 854 2990 videas,
871 2931 958 2975 narra
974 2914 1043 2975 illud
1060 2916 1139 2994 quod
1154 2915 1207 2976 tibi
1229 2933 1287 2978 usu

213 2998 312 3060 veuit'.
350 2999 473 3061 Niceros
499 3001 659 3062 delectatus
685 2999 852 3061 affabilitate
872 2999 958 3061 amici
981 3003 1079 3060 ‘omne
1105 2999 1163 3062 me'
1188 3001 1288 3080 inquit

215 3085 340 3146 ‘lucrum
358 3093 504 3161 transeat,
528 3086 584 3148 nisi
600 3085 658 3146 iam
679 3086 790 3147 dudum
805 3084 995 3165 gaudimonio
1011 3084 1138 3160 dissilio,
1162 3086 1242 3164 quod
1257 3095 1286 3147 te

214 3170 301 3232 talem
316 3170 409 3232 video.
440 3171 539 3250 itaque
561 3170 665 3232 hilaria
678 3189 759 3232 mera
774 3170 849 3245 sint,
872 3169 926 3232 etsi
941 3169 1031 3231 timec
1047 3170 1119 3232 istos
1133 3171 1288 3234 scholasti-

213 3273 280 3330 cos,
304 3273 342 3316 ne
357 3273 404 3316 me
425 3255 549 3319 rideant.
586 3255 729 3318 uiderint:
753 3255 881 3317 narrabo
896 3263 1011 3331 tamem
1034 3255 1104 3333 quid
1119 3255 1199 3317 enim
1215 3256 1287 3318 mibi
1310 3261 1337 3314 tl

213 3340 324 3414 aulert,
351 3339 402 3418 qui
423 3339 520 3403 ridell
545 3342 637 3406 satius
658 3349 704 3402 est
726 3341 815 3402 rideri
838 3357 925 3420 quam
947 3340 1093 3402 derideri'.
1132 3341 1213 3404 ‘hacc
1234 3340 1286 3403 ubi

213 3425 290 3486 dicta
306 3423 403 3500 dedit’,
418 3425 505 3486 talem
521 3425 650 3488 fabulam
666 3443 789 3488 exorsus
803 3433 863 3487 est:

298 3514 377 3570 ‘cum
395 3509 490 3572 adhuc
505 3513 659 3586 servirem,
681 3510 884 3572 habitabamus
904 3510 934 3572 in
955 3511 1020 3573 rico
1040 3517 1182 3590 angusto;
1205 3527 1288 3573 nunc

214 3593 340 3658 Gavillae
355 3591 460 3658 domus
474 3608 528 3660 est.
563 3596 618 3674 ibi,
641 3598 788 3676 quomodo
805 3596 843 3658 dii
858 3595 976 3672 volunt,
999 3613 1096 3658 amare
1112 3596 1197 3677 coepi
1212 3615 1288 3659 uxo-

300 3817 316 3868 b
334 3814 458 3869 deductus
476 3814 486 3884 ll
506 3817 535 3869 13
554 3813 585 3867 ad
599 3812 719 3882 Priapum
738 3813 857 3867 Kelleroe
865 3813 937 3934 haud
955 3812 1166 3877 oreteede’derom
1180 3813 1185 3879 Ι
1201 3815 1290 3868 remis·

215 3882 255 3936 elo
272 3881 281 3948 l
300 3886 331 3936 14
349 3885 473 3937 minorem
492 3883 554 3937 lecit
571 3885 681 3948 conieci,
699 3883 770 3935 hiare
788 3882 849 3936 tecit
890 3881 985 3934 aldius
1002 3879 1012 3948 d
1031 3884 1062 3935 16
1079 3895 1127 3933 uos
1145 3878 1155 3949 ll
1175 3885 1203 3934 l'l
1223 3883 1291 3949 peri-

216 3950 301 4004 culum
319 3949 329 4020 ll
348 3953 378 4004 19
397 3952 467 4019 ipsas
482 3949 492 4020 d
512 3955 544 4004 lb
562 3950 693 4004 lucrorum
712 3949 769 4017 1135
788 3965 829 4003 me
847 3949 978 4002 derideant
995 3947 1087 4002 viderit
