2772 4476
207 181 248 244 42
558 267 562 280 .
669 184 822 240 anuottu

58 369 59 372 ’
146 358 187 423 63
292 358 424 422 attonitis
445 359 637 421 admiratione
653 359 798 420 universis
819 357 916 422 ‘salvo'
931 358 1028 438 inquit
1049 361 1109 419 ‘tuo
1133 349 1283 421 sermone’
1302 372 1332 422 Η

121 462 124 465 ·
207 444 385 506 Trimalchio
402 444 436 507 ‘si
452 462 510 523 qua
524 444 597 506 fides
612 453 669 519 est,
686 453 719 505 ut
733 443 805 505 mihi
820 445 872 524 pili
887 443 1118 517 inhorruerunt,
1135 444 1204 522 quia
1219 445 1282 506 scio

207 529 384 592 Niceronem
406 529 480 592 nihil
495 547 641 608 nugarum
658 546 795 590 narrare:
818 529 908 590 immo
932 536 1030 590 certus
1046 537 1091 590 est
1113 539 1144 590 et
1158 529 1283 606 minime

174 689 182 702 ι
208 614 371 694 linguosus,
410 634 478 677 nam
494 614 601 694 etipse
622 614 704 676 vobis
726 633 789 675 rem
811 613 984 676 horribilem
1006 613 1144 676 narrabo.
1180 615 1284 676 asinus

207 700 238 761 in
260 701 374 778 tegulis.
411 718 479 761 cum
505 700 600 761 adhuc
626 699 777 779 capillatus
802 718 914 773 essem,
942 716 1048 760 nama
1074 718 1168 779 puero
1194 699 1321 778 vitame

209 784 309 848 Chiam
324 785 417 864 gessi,
441 784 537 865 ipsimi
554 785 648 846 nostri
662 784 803 846 delicatus
818 784 952 858 decessit,
968 784 1152 864 mehercules
1167 802 1285 864 marga·

208 871 314 944 ritum,
341 870 470 932 caccitus
491 878 520 932 et
541 869 675 932 omnium
697 887 866 932 nnmerum.
903 887 971 932 cum
992 887 1062 948 ergo
1084 869 1168 932 illum
1190 879 1286 932 mater

209 955 320 1018 misella
335 955 489 1034 plangeret
505 965 534 1017 et
549 973 604 1016 nos
620 964 683 1015 tum
699 956 801 1035 plures
814 955 845 1017 in
862 955 1040 1017 tristimonio
1054 973 1195 1028 essemus,
1212 955 1285 1018 sub-

209 1042 250 1103 ito
266 1042 375 1120 strigae
395 1041 513 1103 stridere
535 1048 712 1120 coeperunt;
735 1048 855 1119 putares
867 1059 969 1101 canem
985 1040 1118 1119 leporem
1133 1041 1284 1120 persequi.

209 1125 391 1187 habebamus
405 1133 478 1186 tunc
492 1126 642 1188 hominem
659 1125 877 1205 Cappadocem,
898 1126 1035 1204 longum,
1057 1124 1140 1186 valde
1154 1127 1285 1187 audacu-
1308 1138 1335 1191 lt

210 1212 272 1273 lum
287 1220 316 1272 et
330 1211 381 1290 qui
395 1211 523 1272 valebat:
545 1219 664 1291 poterat
683 1210 789 1272 bovem
807 1211 914 1272 iratum
935 1211 1049 1272 tollere.
1082 1211 1130 1271 hic
1145 1212 1286 1273 audacter

209 1297 313 1358 stricto
333 1296 428 1374 gladio
451 1304 532 1358 entra
553 1297 661 1358 ostium
682 1297 887 1377 procucurrit,
909 1296 1039 1358 involuta
1060 1294 1180 1358 sinistra
1194 1314 1286 1357 manu

211 1381 336 1456 curiose,
352 1389 382 1443 et
395 1381 549 1443 mulierem
564 1391 705 1461 tanquam
720 1383 777 1444 boe
792 1381 858 1443 loco
874 1416 914 1426 -
930 1381 1040 1442 salvum
1056 1381 1108 1454 sit,
1126 1382 1203 1460 quod
1218 1389 1286 1442 tan-

210 1485 249 1546 go
265 1503 307 1514 —-
322 1467 446 1528 mediam
468 1467 590 1528 traiecit.
634 1467 769 1529 audimus
789 1466 946 1546 gemitum,
968 1475 997 1528 et
1017 1467 1105 1546 plane
1121 1485 1183 1528 non
1199 1485 1286 1528 men-

211 1552 278 1628 tiar,
293 1552 372 1632 ipsas
388 1571 450 1614 non
466 1552 599 1614 vidimus.
629 1553 701 1632 baro
717 1561 815 1614 autem
830 1560 933 1614 noster
944 1551 1127 1613 introversus
1139 1570 1170 1612 se
1185 1552 1286 1631 proie—
1308 1565 1334 1616 15

213 1637 253 1700 cit
272 1638 303 1699 in
324 1637 449 1711 lectum,
472 1647 501 1698 et
521 1657 630 1718 corpus
652 1646 748 1700 totum
770 1637 891 1699 lividum
913 1635 1040 1698 habebat
1061 1637 1144 1715 quasi
1164 1637 1287 1716 flagellis

212 1742 332 1797 caesus,
348 1722 416 1802 quia
431 1723 544 1784 scilicet
558 1724 640 1785 illum
655 1723 790 1802 tetigerat
805 1723 880 1784 mala
894 1741 1009 1784 manns.
1040 1741 1095 1782 nos
1111 1721 1194 1783 eluso
1210 1723 1286 1784 ostio

213 1807 343 1869 redimus
358 1809 465 1869 iterum
488 1809 524 1868 ad
542 1809 688 1883 officium,
710 1808 762 1869 sed
778 1826 846 1868 cnm
867 1815 961 1869 mater
981 1806 1162 1887 amplexaret
1176 1826 1286 1887 eorpus

213 1892 264 1954 filii
279 1892 341 1965 sui,
362 1893 457 1971 tangit
477 1901 506 1953 et
525 1893 603 1954 videt
622 1892 822 1960 manuciolum
837 1893 873 1953 de
888 1892 1058 1954 stramentis
1072 1892 1192 1953 sactum.
1223 1910 1285 1954 non

214 1995 266 2039 cor
280 1975 423 2050 habebat,
440 1996 502 2038 non
518 1976 674 2051 intestina,
691 1995 752 2037 non
766 1977 940 2056 quicquam:
961 1976 1073 2039 scilicet
1087 1977 1145 2038 iam
1160 1995 1287 2057 puerum
1309 1991 1334 2040 tt

213 2061 321 2141 strigae
337 2062 538 2123 involaverant
553 2070 582 2122 et
603 2070 823 2142 supposuerant
847 2061 1082 2124 stramenticium
1102 2071 1285 2124 vavatonem.

213 2165 286 2225 rogo
303 2166 363 2221 vos,
380 2156 498 2227 oportet
512 2147 651 2223 credatis,
667 2156 738 2209 sunt
752 2147 892 2210 mulieres
907 2147 1062 2227 plussciae,
1077 2156 1148 2209 sunt
1163 2156 1286 2210 noctur-

214 2249 284 2308 nae,
307 2241 336 2293 et
357 2233 435 2311 quod
456 2251 574 2294 sursum
595 2242 654 2309 est,
676 2233 815 2295 deorsum
836 2233 957 2294 faciunt.
989 2240 1122 2294 ceterum
1142 2232 1215 2296 baro
1236 2234 1286 2295 ille

212 2317 322 2396 longus
342 2326 411 2398 post
432 2319 488 2380 hoc
509 2319 618 2381 lactum
640 2337 792 2398 nunquam
814 2319 922 2381 coloris
945 2317 990 2380 sui
1011 2318 1083 2392 luit,
1105 2318 1196 2379 immo
1219 2327 1286 2398 post

214 2421 325 2482 pancos
340 2404 401 2466 dies
415 2404 608 2483 phreneticus
629 2404 735 2484 periit'.
1307 2414 1333 2466 25

154 2481 196 2544 64
299 2489 439 2550 miramur
454 2509 510 2551 nos
522 2499 551 2550 et
571 2490 681 2568 pariter
701 2488 864 2562 credimus,
888 2488 1071 2567 osculatique
1086 2506 1220 2550 mensam
1235 2507 1286 2550 ro·

214 2591 317 2652 gamus
337 2573 520 2648 Nocturnas,
547 2583 581 2635 ut
601 2574 661 2636 suis
682 2574 794 2636 sedibus
815 2592 846 2636 se
868 2581 1005 2647 teneant,
1027 2574 1097 2634 dum
1118 2574 1249 2636 redimus
1270 2591 1287 2634 a

215 2676 297 2718 cena.
927 2670 931 2682 ·

207 2791 231 2843 s,
301 2835 330 2887 et
351 2846 422 2888 sane
438 2828 495 2889 iam
510 2827 649 2888 lucernae
665 2825 735 2888 mihi
751 2827 852 2906 plures
866 2827 1041 2889 videbantur
1056 2827 1159 2888 ardere
1174 2834 1285 2888 totum·

216 2930 273 2990 que
288 2911 450 2974 triclinium
473 2931 537 2975 esse
558 2920 719 2985 mutatum,
742 2931 810 2974 cum
824 2912 1001 2975 Trimalchio
1018 2910 1081 2972 ‘tibi
1096 2910 1172 2973 dico'
1188 2912 1287 2991 inquit
1307 2924 1333 2975 30

216 2997 378 3072 ‘Plocame,
394 2998 469 3060 nihil
489 2995 614 3060 narras?
637 2997 710 3059 nihil
725 3017 781 3059 nos
796 2996 973 3060 delectaris?
994 3005 1023 3059 et
1037 2995 1154 3059 solebas
1168 2997 1287 3060 suavius

216 3101 295 3157 esse,
317 3082 394 3144 bede
413 3083 543 3145 diverbia
565 3082 678 3157 dicere,
702 3083 805 3144 melica
826 3083 985 3145 canturire.
1016 3083 1162 3158 heuheu,
1185 3081 1287 3145 abistis

216 3168 310 3230 dulcis
325 3169 458 3230 caricae’.
488 3168 564 3230 ‘iam'
580 3167 677 3247 inquit
692 3168 739 3229 ille
755 3168 923 3247 ‘quadrigae
943 3186 1026 3228 meae
1042 3168 1287 3242 decucurrerunt,

217 3271 253 3314 en
275 3272 334 3331 quo
355 3255 532 3334 podagricus
553 3255 648 3315 lactus
668 3271 743 3314 sum.
774 3252 903 3332 alioquin
919 3271 987 3315 oum
1002 3271 1096 3316 essem
1113 3252 1287 3315 adulescen·

216 3337 309 3411 tulus,
326 3339 472 3400 cantando
487 3357 582 3419 paene
597 3337 761 3418 phthisicus
773 3339 869 3400 lactus
883 3356 958 3400 sum.
988 3338 1058 3416 quid
1073 3335 1199 3400 saltare?
1215 3337 1286 3417 qnid
1307 3347 1334 3398 tt

217 3421 368 3484 diverbia?
380 3423 450 3503 quid
462 3422 665 3488 tonstrinum?
678 3423 798 3502 quando
809 3441 911 3502 parem
923 3422 1010 3485 habui
1023 3422 1079 3484 nisi
1092 3441 1186 3485 unum
1197 3423 1287 3502 Apel-

216 3505 345 3569 leteml'v
365 3509 558 3588 appositaque
570 3510 606 3570 ad
622 3529 655 3572 os
669 3526 760 3570 mann
776 3507 876 3570 nescio
892 3509 962 3587 qnid
978 3516 1104 3570 taetrum
1116 3507 1287 3583 exsibilavit,

217 3594 295 3673 quod
311 3602 413 3673 postea
429 3593 574 3656 Graecum
589 3612 653 3656 esse
669 3593 843 3656 affirmabat.

300 3750 317 3799 4
334 3746 385 3798 iam
403 3747 539 3798 Iaeobctuc
554 3744 563 3814 ll
581 3748 596 3798 d
614 3745 677 3812 ipim
694 3745 783 3800 mostri
800 3742 810 3814 ΙΙ
828 3747 841 3797 'l
861 3745 997 3798 catamitus
1015 3743 1151 3796 Iacobrc'uo
1162 3739 1172 3811 ΙΙ
1191 3745 1220 3796 11
1240 3758 1289 3810 po·

218 3815 284 3866 terat
302 3814 399 3867 deleuit
415 3815 502 3866 editor
514 3815 660 3866 Patavium
675 3812 679 3883 Ι
694 3811 802 3932 lovemq
820 3815 850 3867 14
866 3812 912 3866 sed
923 3816 986 3864 anta
996 3814 1157 3876 scripseram
1171 3810 1180 3878 ll
1201 3814 1231 3865 ta
1243 3811 1291 3866 sed

217 3878 277 3933 dunt
300 3881 309 3950 ΙΙ
335 3885 364 3936 at
394 3883 481 3935 suavis
507 3897 580 3948 esse,
607 3882 734 3935 canturire
759 3882 792 3935 be
805 3881 829 3934 le
854 3880 987 3943 deverbia,
1013 3877 1113 3932 adicere
1139 3877 1258 3934 melicum
1281 3882 1291 3952 ΙΙ

217 3949 249 4001 33
268 3949 350 4002 carica
367 3947 376 4018 ll
395 3952 426 4002 36
445 3950 557 4018 quando]
575 3965 651 4018 quem
668 3949 748 4015 uolgo
764 3947 775 4017 ΙΙ
796 3951 826 4002 3Ἱ
846 3947 1017 4016 oppositaque
