2768 4480
481 169 789 226 APOCOLOCYNTOSIS
1106 165 1167 226 233

88 349 208 412 dellere
223 347 357 427 publicas
368 348 466 410 clades
481 348 610 409 intuenti
625 348 785 409 domestica
800 348 885 410 mala.
914 349 1013 426 itaque
1023 348 1071 410 illa
1082 349 1169 410 omit-

88 444 168 504 tam,
183 434 256 494 haec
271 434 413 509 releram;
430 451 498 494 nam
513 432 599 494 etiam
616 433 640 494 si
655 452 742 494 soror
757 452 821 495 mea
836 427 972 517 [Graece]
989 435 1097 509 nescit,
1113 452 1168 513 ego

89 520 176 582 scio:
197 513 304 601 ἔγγιον
318 514 396 602 γόνυ
412 514 543 604 κνήμης.
573 517 628 579 iste
644 536 733 597 quem
749 519 859 593 videtis,
875 537 930 598 per
944 526 988 580 tot
1003 537 1098 580 annos
1113 519 1168 581 snb

89 623 165 666 meo
187 603 309 666 nomine
331 603 439 675 latens,
455 606 531 664 hano
553 602 625 663 mihi
646 605 768 682 gratiam
790 603 917 677 rettulit,
941 611 975 665 ut
995 604 1067 665 duas
1082 604 1169 665 lulias

44 702 61 750 5
89 696 258 770 proneptes
273 707 353 750 mens
375 689 538 761 occideret,
561 687 681 750 alteram
702 690 797 763 ferro,
819 689 941 750 alteram
964 691 1054 765 lame3
1076 707 1169 750 unum

90 774 276 853 abnepotem
292 774 324 834 L.
341 773 491 846 Silanum,
512 772 618 834 videris
633 773 766 854 luppiter
781 793 817 835 an
835 775 865 835 in
882 792 968 836 causa
983 775 1073 848 mala,
1090 783 1169 834 certe

93 861 127 920 in
144 867 210 932 tua,
226 858 251 920 si
266 877 353 920 aecus
368 859 486 920 futurus
501 877 541 920 es.
570 858 617 920 dic
632 859 720 933 milti,
742 859 806 921 dive
822 859 938 934 Claudi,
961 877 1052 939 quare
1066 877 1170 938 quem-

94 962 185 1024 qnam
202 962 238 1004 ex
252 944 314 1018 his,
330 963 405 1023 quos
421 962 552 1023 quasque
567 944 714 1018 occidisti,
730 952 888 1024 antequam
904 943 940 1005 de
955 963 1042 1006 causa
1058 962 1170 1023 cogno-

96 1047 207 1102 sceres,
222 1037 381 1107 antequam
396 1029 521 1102 audires,
537 1027 703 1092 damnasti?
719 1031 775 1091 hoc
790 1030 842 1091 ubi
853 1030 917 1091 deri
929 1027 1026 1092 solet?
1041 1030 1072 1091 in
1088 1029 1170 1091 caelo

35 1126 66 1177 ιο
96 1133 159 1176 non
175 1115 216 1174 lit.
248 1133 317 1176 ecce
333 1113 480 1195 luppiter,
502 1114 555 1193 qni
569 1123 613 1175 tot
635 1133 731 1177 annos
745 1124 865 1196 regnat,
888 1113 941 1176 uni
957 1116 1086 1177 Volcano
1102 1133 1171 1178 crus
1191 1117 1226 1176 ll

96 1199 195 1280 tregit,
210 1217 299 1278 quem

251 1281 333 1366 ῥῖψε
347 1279 456 1360 ποδὸς
468 1280 615 1368 τεταγὼν
631 1276 699 1350 ἀπὸ
715 1285 819 1373 βηλοῦ
833 1288 1045 1351 θεσπεσίοιο.

97 1377 128 1430 et
143 1369 235 1430 iratus
250 1369 306 1430 luit
321 1370 404 1430 uxori
421 1378 451 1430 et
465 1370 619 1449 suspendit
634 1371 727 1432 illam:
744 1372 889 1451 numquid
906 1369 1034 1433 occidit?
1050 1378 1082 1431 tu
1094 1369 1170 1430 Mes·

97 1453 231 1527 salinam,
247 1453 332 1516 cuius
346 1473 440 1533 aeque
455 1454 617 1516 avunculus
628 1456 723 1516 maior
737 1474 817 1517 eram
830 1474 918 1534 quam
934 1465 1012 1529 tuuS,
1029 1454 1169 1517 occidisti.

41 1548 71 1600 15
98 1537 241 1600 “nescio”
264 1539 372 1618 inquis.
410 1539 438 1599 di
462 1539 516 1600 tibi
538 1539 613 1600 male
637 1540 760 1601 faciant:
784 1541 856 1601 adeo
878 1541 955 1602 istuc
977 1540 1094 1619 turpius
1116 1547 1170 1611 est,

97 1625 180 1703 quod
195 1623 325 1699 nescisti,
341 1643 429 1703 qnam
442 1624 522 1703 quod
536 1624 679 1686 occidisti.
706 1625 736 1687 C.
750 1626 905 1687 Caesarem
920 1643 981 1685 non
995 1624 1080 1686 desiit
1092 1641 1171 1685 mor-

98 1720 183 1771 tuum
199 1709 348 1789 persequi.
385 1709 532 1771 occiderat
545 1710 594 1771 illa
609 1728 763 1772 socerum:
787 1710 835 1771 hie
850 1719 880 1772 et
894 1727 1047 1788 generum.
1083 1709 1172 1770 Gaius

98 1793 196 1856 Crassi
213 1793 305 1855 lilium
321 1794 412 1856 vetuit
426 1793 566 1873 Magnum
581 1796 694 1856 vocarit
711 1797 758 1857 hic
775 1814 885 1856 nomen
900 1794 942 1855 illi
957 1794 1099 1870 reddidit,
1122 1813 1171 1856 ca·

97 1887 154 1960 put
169 1878 244 1940 tulit.
275 1879 381 1941 occidit
397 1880 426 1940 in
443 1899 503 1940 una
517 1880 605 1941 domo
621 1880 771 1955 Crassum,
795 1881 951 1960 Magnum,
975 1879 1172 1961 Scriboniam,

43 1976 74 2025 nn
97 1964 283 2036 Tristionias,
295 1964 493 2040 Assarionem,
506 1965 620 2028 nobiles
631 1974 739 2042 tamen,
752 1967 889 2029 Crassum
898 1984 966 2027 vero
979 1974 1036 2027 tarn
1049 1966 1171 2040 fatuum,

100 2059 134 2110 ut
149 2049 237 2110 etiam
253 2067 379 2128 regnare
394 2059 503 2130 posset.
532 2052 613 2114 hunc
628 2071 710 2114 nunc
725 2054 813 2114 deum
828 2053 925 2125 lacere
948 2049 1055 2113 vultis?
1077 2052 1172 2112 videte

100 2153 212 2215 corpus
228 2135 291 2196 eius
307 2134 351 2196 dis
366 2135 447 2198 iratis
462 2144 572 2197 natum.
603 2139 639 2198 ad
655 2155 813 2212 summam,
838 2137 891 2197 tria
907 2137 996 2198 verba
1011 2137 1070 2198 cito
1086 2136 1172 2206 dicat,

100 2229 132 2282 et
146 2237 265 2282 servum
279 2237 327 2280 me
342 2219 438 2282 ducat.
468 2221 549 2282 hunc
565 2222 651 2283 deum
668 2221 734 2300 quis
756 2219 854 2283 coleti
876 2221 943 2300 quis
959 2220 1080 2282 credet?
1102 2222 1173 2282 dum

99 2306 174 2367 tales
188 2305 260 2366 deos
275 2305 385 2379 lacitis,
410 2323 498 2366 nemo
514 2325 565 2368 vos
580 2307 652 2368 deos
666 2325 731 2367 esse
753 2307 862 2368 credet.
891 2323 1005 2367 summa
1020 2306 1078 2380 rei,
1101 2325 1131 2385 p.
1147 2324 1172 2366 c.

48 2401 76 2450 25
99 2391 124 2452 si
140 2392 266 2452 honeste
284 2407 329 2451 me
343 2389 422 2451 inter
436 2409 487 2452 vos
502 2391 588 2471 gessi,
604 2392 629 2452 si
644 2391 717 2452 nulli
733 2391 841 2452 clarius
856 2390 1012 2470 respondi,
1028 2391 1174 2452 vindicate

100 2475 226 2537 iniurias
253 2493 341 2536 meas.
379 2493 433 2554 ego
457 2494 511 2555 pro
534 2476 681 2538 sententia
703 2494 767 2538 mea
788 2476 846 2537 hoe
868 2475 1003 2537 censeo’:
1027 2483 1113 2555 atque
1136 2476 1175 2537 ita

101 2580 138 2622 ex
158 2559 261 2621 tabella
277 2559 421 2621 recitavit:
446 2561 574 2639 ‘quando
597 2561 716 2640 quidem
739 2562 822 2624 divus
837 2559 974 2623 Claudius
996 2560 1104 2623 occidit
1126 2579 1175 2623 so-

101 2663 205 2707 cerum
221 2663 307 2706 suum
319 2646 448 2726 Appium
461 2645 603 2722 Silenum,
619 2664 747 2725 generos
761 2647 836 2710 duos
847 2647 987 2727 Magnum
1002 2645 1175 2726 Pompeium

102 2740 132 2793 et
156 2731 189 2792 L.
213 2729 361 2804 Silanum,
384 2750 521 2793 socerum
544 2731 620 2794 llliae
642 2751 712 2795 suae
736 2733 872 2796 Crassum
896 2732 1000 2812 Frugi,
1023 2732 1175 2794 hominem

51 2827 80 2877 30
92 2825 162 2877 -tam
177 2815 301 2876 similem
315 2815 371 2877 sibi
387 2835 475 2895 quam
492 2837 546 2879 ovo
563 2836 659 2892 ovum,
676 2817 861 2880 Scriboniam
873 2836 992 2880 socrum
1004 2818 1079 2879 tiliae
1094 2835 1174 2890 suae,

102 2919 227 2962 uxorem
242 2919 325 2962 snam
340 2900 525 2963 Messalinam
547 2911 577 2963 et
598 2912 713 2964 ceteros
728 2921 855 2981 quorum
872 2920 1013 2964 numerus
1028 2902 1097 2964 iniri
1113 2921 1175 2963 non

102 2985 213 3066 potuit:
242 2986 339 3064 placet
359 2985 431 3047 mihi
453 2986 484 3047 in
508 3005 576 3047 cnm
597 3004 698 3048 severe
721 2986 913 3056 animadverti
934 2986 1051 3046 necilli
1074 3003 1175 3047 rernm

103 3070 327 3132 iudicandarum
342 3071 523 3132 vacationem
545 3070 608 3131 dari
631 3089 759 3150 eumque
781 3089 868 3150 quam
885 3071 1012 3149 primum
1028 3070 1175 3151 exportari

103 3165 134 3218 et
149 3155 230 3217 caelo
245 3156 324 3217 intra
340 3155 459 3236 triginta
470 3156 532 3217 dies
546 3157 699 3232 excedere,
715 3155 840 3236 Olympo
853 3156 930 3216 intra
944 3155 1022 3217 diem
1036 3154 1175 3217 tertium'.

51 3251 78 3300 35
208 3239 334 3321 pedibus
348 3241 378 3302 in
394 3240 472 3302 hanc
483 3241 660 3303 sententiam
674 3241 747 3303 itum
763 3250 816 3302 est.
847 3259 903 3302 nec
917 3258 1009 3316 mora,
1027 3240 1175 3321 Cydonius

102 3321 185 3386 illum
202 3325 278 3386 collo
294 3325 413 3388 obtorto
429 3327 517 3387 trahit
531 3323 578 3410 [ad
595 3322 718 3408 inferos]
734 3344 750 3386 a
767 3326 848 3387 caelo

329 3410 407 3472 ‘illuc
423 3412 502 3472 unde
519 3421 628 3492 negant
642 3411 738 3472 redire
754 3411 950 3490 quemquam'.

103 3494 175 3553 dnm
194 3489 380 3554 descendunt
401 3513 455 3574 per
477 3496 551 3556 viam
573 3514 702 3572 sacram,
726 3497 889 3574 interrogat
904 3495 1081 3570 Mercurius,
1105 3493 1175 3573 qnid
1196 3488 1235 3551 12

103 3575 159 3640 sibi
174 3574 244 3636 velit
257 3575 305 3637 illc
328 3596 492 3642 concursus
513 3581 684 3656 hominum,
707 3597 779 3642 num
795 3580 908 3642 Claudii
922 3581 1012 3643 funus
1027 3577 1125 3642 esset?
1147 3586 1177 3640 et

53 3676 81 3725 lt
102 3671 166 3724 erat
187 3660 319 3723 omnium
342 3664 585 3727 formosissimum
608 3674 638 3728 et
659 3667 792 3746 impensa
815 3685 902 3741 cura,
925 3665 1013 3745 plane
1034 3673 1067 3726 ut
1084 3663 1175 3726 scires

191 3816 206 3867 2
225 3828 332 3867 sermea.
369 3815 493 3866 omissum
512 3819 551 3864 ert
568 3829 659 3880 graece
677 3819 706 3866 ln
724 3817 814 3868 codice
830 3817 953 3868 Porise'no
971 3812 1062 3884 871711
1083 3818 1111 3867 15
1128 3831 1176 3882 po-

106 3887 160 3936 tina
178 3881 257 3936 nescii
271 3883 324 3949 1120
341 3881 458 3945 fortusse
469 3881 515 3934 tris
527 3881 643 3936 homines
655 3884 767 3936 assarios
780 3882 790 3953 ll
802 3887 834 3938 25
847 3883 925 3936 durns
936 3883 1056 3950 respondi
1075 3883 1177 3936 codices

106 3953 249 4004 deteriores
261 3951 270 4022 ΙΙ
285 3955 317 4006 38
334 3950 449 4014 fortusse
466 3949 617 4004 Mercurium
