2780 4480
548 211 688 267 sarman
985 200 987 210 ’
1114 207 1152 271 tt

607 406 623 444 s

15 499 52 551 to
155 486 160 570 Ι
180 499 313 551 ceterum
334 485 512 567 Eumolpos,
535 497 564 549 ot
584 488 814 568 periclitantium
836 488 992 550 advocatus
1014 497 1043 550 et
1068 505 1154 569 prae·
1184 517 1186 522 ·

72 576 174 640 sentis
189 571 366 637 concordiae
382 583 499 648 auctor,
523 591 560 634 na
576 574 676 636 sileret
696 574 760 635 sine
776 573 881 634 labulis
895 573 1039 647 hilaritas,
1062 575 1155 635 multa

71 662 108 723 in
131 659 309 721 muliebrem
329 659 475 719 levitatem
497 659 595 738 coepit
614 659 739 720 iactare:
761 675 849 737 quarn
871 659 954 720 facile
975 658 1155 732 adamarent,

73 745 241 826 quamcito
254 745 340 805 etiam
352 744 479 805 illiorum
492 743 745 818 obliviscerentur,
759 744 928 823 nullamque
940 761 1005 805 esse
1015 744 1155 804 feminam

41 842 140 893 ctam
160 830 313 911 pudicam,
341 846 416 908 quae
437 847 498 890 non
520 830 676 909 peregrina
701 827 822 890 libidine
842 846 937 908 usque
963 829 998 889 ad
1024 831 1156 890 furorem

76 923 272 979 averteretur.
302 931 358 974 nec
381 932 412 976 se
433 914 597 993 tragoedias
616 922 731 976 veteres
753 931 858 975 curare
880 921 930 975 aut
950 915 1071 975 nomina
1092 931 1157 976 sae·

77 1001 159 1064 culis
172 1008 258 1074 nota,
279 999 332 1062 sed
347 1017 410 1059 rem
424 1016 476 1060 sua
496 999 638 1060 memoria
657 1001 780 1075 factam,
802 1018 890 1079 quam
907 999 1109 1079 expositurum
1125 1017 1156 1061 se

79 1105 157 1161 esse,
179 1087 204 1148 si
218 1085 358 1146 vellemus
373 1084 483 1145 audire.
519 1085 669 1146 conversis
684 1085 774 1164 igitur
789 1086 922 1146 omnium
937 1084 968 1146 in
984 1103 1016 1145 se
1031 1084 1158 1146 vultibus

77 1172 262 1251 auribusque
276 1171 318 1232 sic
333 1185 418 1231 orsus
432 1177 492 1230 est:

33 1267 60 1317 to
168 1260 312 1317 ‘matrona
328 1255 471 1334 quaedam
486 1254 596 1335 Ephesi
612 1263 671 1316 tam
687 1264 775 1318 notae
797 1263 859 1317 erat
873 1254 1045 1334 pudicitiae,
1067 1263 1101 1315 ut
1115 1255 1157 1315 vi·
1182 1247 1238 1316 111

79 1343 218 1405 cinerum
240 1359 360 1420 quoquo
375 1341 508 1418 gentium
524 1341 647 1403 feminas
668 1341 704 1402 ad
725 1341 925 1421 spectaculum
946 1341 991 1403 sui
1014 1348 1157 1402 evocaret.

80 1429 156 1489 baec
172 1445 243 1506 ergo
260 1443 327 1487 cnm
341 1426 436 1486 virum
452 1427 620 1498 extulisset,
643 1443 704 1492 nou
720 1435 861 1487 contenta
882 1426 993 1505 vulgari
1013 1441 1096 1487 more
1112 1427 1158 1486 lu·

83 1531 141 1574 nus
156 1511 250 1592 passis
271 1511 412 1592 prosequi
427 1511 561 1602 crinibus
582 1519 632 1572 aut
653 1511 796 1573 nudatum
817 1520 921 1591 pectus
942 1512 974 1573 iu
997 1520 1159 1590 conspectu

82 1597 269 1676 frequentiae
290 1597 448 1676 plangere,
474 1596 504 1658 in
527 1597 726 1658 conditorium
746 1596 832 1662 etiam
854 1604 1012 1676 prosecuta
1038 1604 1084 1656 est
1107 1596 1159 1656 de·

39 1692 66 1741 15
84 1685 232 1756 functum,
248 1682 436 1762 positumque
452 1681 482 1743 in
498 1683 651 1762 hypogaeo
668 1682 780 1743 Graeco
795 1698 878 1743 more
891 1699 1000 1761 corpus
1011 1679 1159 1742 custodire
1228 1755 1231 1762 Ι

83 1787 117 1830 ac
139 1768 212 1828 llere
232 1767 302 1829 totis
323 1767 461 1828 noctibus
482 1766 646 1846 diebusque
666 1767 773 1847 coepit.
803 1767 845 1828 sic
865 1766 1054 1828 afflictantem
1078 1784 1109 1826 se
1125 1783 1159 1826 ac

15 1891 16 1896 κ
84 1863 212 1915 mortem
226 1852 324 1914 inedia
338 1860 566 1932 persequentem
588 1871 648 1914 non
670 1860 810 1933 parentes
825 1858 989 1932 potuerunt
1002 1851 1159 1924 abducere,

85 1956 147 2000 non
165 1938 340 2018 propinqui3
362 1937 549 2018 magistratus
567 1937 670 2000 ultimo
692 1938 803 2017 repulsi
819 1938 971 2011 abierunt,
993 1937 1160 2017 complora-

86 2033 174 2103 taque
195 2022 353 2102 siugularis
375 2023 500 2104 exempli
521 2023 630 2085 lemine
652 2024 688 2084 ab
704 2023 843 2086 omnibus
859 2022 995 2102 quintum
1010 2025 1067 2086 iam
1082 2022 1160 2083 diem

43 2117 70 2167 m
85 2109 150 2170 sine
165 2108 305 2170 alimento
319 2107 463 2168 trahebat.
493 2108 639 2170 assidebat
653 2127 759 2189 aegrae
774 2107 913 2170 fidissima
928 2109 1043 2183 aneilla,
1058 2107 1160 2170 simul·

87 2212 144 2273 qne
166 2203 197 2256 et
219 2193 353 2255 lacrimas
373 2193 577 2254 commodabat
599 2194 728 2272 lugenti,
752 2202 781 2255 et
802 2193 1060 2272 quotienscunque
1079 2193 1160 2254 def·

87 2287 168 2341 cerat
179 2278 307 2359 positum
321 2278 351 2339 in
364 2287 558 2339 monumento
570 2279 670 2339 lumen
686 2278 853 2340 renovabat.
877 2295 937 2338 una
947 2278 1039 2357 igitur
1052 2278 1082 2339 in
1099 2284 1161 2339 tota

87 2364 200 2427 civitate
216 2362 313 2425 sabula
329 2372 407 2436 erat,
423 2363 518 2424 solum
541 2363 613 2424 illud
628 2363 771 2425 affulsisse
793 2381 892 2423 verum
907 2362 1065 2442 pudicitiae
1079 2379 1160 2423 amo·

89 2449 189 2529 risque
204 2448 370 2528 exemplum
387 2448 484 2509 omnis
499 2447 611 2510 ordinis
625 2449 762 2510 bomines
777 2445 1009 2522 confitebantur,
1032 2465 1100 2509 cum
1114 2447 1160 2507 in·

48 2543 72 2592 25
87 2535 175 2596 terim
190 2534 352 2614 imperator
367 2533 534 2614 provinciae
550 2534 679 2596 latrones
700 2533 784 2596 iussit
806 2532 946 2594 crucibus
959 2533 1038 2613 alfigi
1053 2549 1160 2594 seeun-

17 2635 18 2642 *
88 2621 158 2682 dnm
183 2619 263 2680 illam
286 2619 428 2694 casulam,
455 2619 486 2679 in
514 2637 571 2699 qua
597 2637 702 2681 recens
724 2619 845 2680 cadaver
866 2626 1001 2680 matrona
1027 2618 1160 2679 dedebat.

86 2704 221 2786 proxima
236 2721 308 2782 ergo
324 2712 427 2780 nocte,
451 2723 517 2766 cum
533 2705 632 2778 miles,
655 2705 706 2784 qui
721 2721 824 2767 cruces
838 2704 1019 2778 asservabat,
1042 2702 1162 2783 nequis

87 2791 121 2850 ad
143 2790 326 2870 sepulturam
348 2807 457 2868 corpus
471 2789 653 2866 detraheret,
676 2798 806 2852 notasset
828 2789 883 2851 sibi
900 2785 952 2874 [et]
967 2789 1068 2851 lumen
1084 2788 1163 2850 inter

88 2885 282 2938 monumenta
305 2874 413 2936 clarius
434 2874 552 2952 fulgens
573 2883 602 2936 et
622 2876 763 2956 gemitum
784 2875 913 2954 lugentis
927 2875 1070 2948 audisset,
1092 2873 1161 2934 vitio

50 2968 73 3019 tu
89 2961 186 3040 gentis
201 2961 349 3021 humanae
364 2959 517 3039 concupiit
531 2961 616 3034 scire,
632 2960 700 3040 quis
715 2969 765 3022 ant
780 2961 851 3039 quid
861 2963 979 3022 laceret.
1009 2959 1162 3020 descendit

89 3045 178 3126 igitur
193 3045 225 3106 in
242 3045 456 3118 conditorium,
478 3045 596 3124 visaque
612 3045 811 3125 pulcherrima
826 3045 950 3106 muliere
965 3044 1062 3125 primo
1078 3043 1161 3122 qnasi

90 3132 218 3209 quodam
230 3140 364 3192 monstro
376 3129 886 3210 internisqueimaginibusturbatus
894 3129 1031 3191 substitit.
1055 3127 1161 3190 deinde

90 3225 121 3276 ut
136 3226 166 3278 et
181 3234 293 3296 corpus
309 3215 430 3277 iacentis
452 3216 607 3296 conspexit
629 3223 658 3276 et
671 3215 805 3277 lacrimas
826 3213 1021 3276 consideravit
1042 3213 1161 3276 leciem·

90 3319 146 3380 que
168 3301 321 3380 unguibus
343 3308 468 3374 sectam,
495 3309 574 3362 ratus
595 3301 707 3363 scilicet
727 3301 756 3361 id
778 3300 857 3380 quod
882 3307 959 3374 erat,
985 3298 1162 3360 desiderium

51 3393 75 3443 as
90 3386 212 3448 extincti
229 3404 290 3447 non
302 3405 389 3465 posse
400 3385 539 3447 feminam
550 3387 619 3465 pati,
635 3386 731 3447 attulit
744 3385 775 3447 in
788 3393 1015 3446 monumentum
1026 3383 1162 3446 cenulam

90 3490 172 3533 suam
200 3470 357 3550 coepitque
382 3471 494 3532 hortari
519 3471 688 3550 lugentem,
714 3487 753 3532 ne
777 3479 979 3551 perseveraret
1004 3469 1033 3531 in
1061 3469 1162 3530 dolore

91 3575 275 3636 supervacuo
291 3575 324 3618 ae
339 3556 413 3618 nibil
427 3556 583 3636 profuturo
600 3557 711 3636 gemitu
726 3565 829 3636 pectus
843 3556 1012 3618 diduceret:
1028 3554 1162 3616 omnium

176 3777 192 3828 9
211 3789 317 3826 exorsus
334 3774 461 3826 nonnulli
484 3791 518 3826 ee·
538 3773 584 3842 011
606 3777 635 3827 ll
659 3774 731 3825 malo
755 3777 842 3826 secuta
859 3775 869 3840 ΙΙ
886 3776 915 3826 nt
943 3773 1044 3841 quoties
1062 3771 1084 3822 L
1102 3771 1112 3838 l
1130 3773 1162 3825 2³

92 3841 163 3907 illud]
187 3841 309 3895 videlicet
325 3843 450 3895 nonnulli
466 3859 501 3894 en
521 3841 541 3892 0
559 3843 618 3907 1126
642 3841 712 3893 illam
736 3841 842 3894 eandem
867 3841 979 3894 casulam
1001 3840 1137 3906 florilegio
1154 3837 1164 3907 Ι

94 3912 124 3962 tt
143 3911 264 3964 servabat
283 3909 370 3979 01128
389 3925 495 3978 corpora
514 3909 534 3962 b
549 3909 558 3979 ΙΙ
571 3912 602 3963 30
621 3914 665 3962 aut
684 3909 939 3979 om.Ilae'eln'uel13l
960 3911 998 3973 ac]
1017 3914 1061 3961 unt
1079 3909 1163 3960 codem

97 3977 328 4048 Guelferbytanus.
362 3978 479 4041 sortasse
496 3993 528 4032 ne
546 3979 643 4046 gemitu
