2772 4476
556 219 696 274 slrlltsu
1118 217 1154 278 31
1183 285 1186 290 ,

53 397 165 455 unum
180 393 264 454 laun.
293 392 400 454 rideris
413 391 502 469 milri,
520 395 740 474 Agamemnon,
762 394 875 457 duero:
895 397 987 477 “quid
1002 397 1057 459 iste
1071 415 1160 477 argu-
1178 405 1219 467 46

91 487 133 540 tat
146 475 332 540 molestus?”
361 479 429 558 quia
450 488 497 552 tu,
512 481 564 559 qui
579 488 665 559 potes
680 477 796 563 {loqui}
812 499 875 542 non
889 482 1021 562 lomere.
1051 499 1112 544 uon
1129 499 1161 543 es
1270 541 1280 562 ,

92 571 214 626 nosuae
234 563 355 638 fasciae,
378 559 408 625 et
426 564 714 646 ideo‘pauperorum
736 566 826 628 verba
845 567 971 629 derides.
1006 569 1115 630 scimus
1132 577 1162 628 te

92 667 171 730 prae
179 649 280 710 literas
300 649 413 711 latuum
429 665 503 711 csse.
533 651 604 729 quid
626 667 699 728 ergo
719 649 787 713 esti
815 652 912 731 aliqua
932 651 980 714 die
995 661 1024 714 te
1038 671 1162 734 persua-

54 746 69 795 5
91 735 177 798 domu
191 742 225 795 ut
240 735 274 795 ad
296 733 392 795 villam
406 736 505 797 venias
525 735 667 798 strideas
688 737 801 798 casulas
818 736 956 800 nostras‘l
977 738 1164 800 inveniemus

94 821 174 899 quod
189 819 417 892 manducemus,
438 821 568 900 pullum,
585 837 652 882 ova:
668 821 745 882 belle
760 821 830 896 erit,
849 823 936 884 etiam
952 824 976 885 si
992 824 1090 884 omnia
1104 825 1163 884 lroc

94 921 176 966 anno
197 913 363 984 tempestas
377 905 494 984 dispare
512 905 643 986 pallavit:
669 904 855 969 inveniemus
878 925 951 987 ergo
972 910 1052 970 unde
1072 909 1163 971 saturi

95 993 210 1051 liumus.
237 999 267 1051 et
281 989 338 1050 iam
352 991 406 1051 tihi
420 991 582 1072 discipulus
593 992 699 1053 crescit
717 993 815 1054 cicaro
830 1011 922 1055 mous.
952 995 1010 1055 iam
1025 1003 1166 1072 quattuor

95 1075 188 1157 pastis
201 1075 287 1149 dloit;
303 1075 456 1150 siuixerit
474 1077 595 1138 habebis
611 1079 645 1137 ad
662 1078 738 1139 latus
751 1071 909 1139 servulum.
940 1097 1008 1140 num
1024 1079 1164 1158 quicquid

42 1170 72 1222 tu
94 1161 136 1223 illi
151 1169 243 1234 uacat,
258 1170 345 1240 ceput
359 1161 395 1222 de
410 1161 509 1222 tabula
524 1181 586 1224 non
601 1162 687 1223 tollit.
715 1163 890 1242 ingeniosus
904 1173 948 1225 est
966 1174 996 1226 et
1010 1165 1089 1225 bono
1105 1165 1166 1237 illo,

96 1247 186 1307 etiam
194 1246 221 1307 si
233 1246 264 1306 in
279 1261 347 1306 aves
357 1247 514 1309 morbosus
526 1257 578 1309 est.
609 1265 666 1327 ego
675 1248 718 1330 illi
729 1249 786 1309 lam
798 1257 860 1310 tros
871 1249 1002 1312 cardeles
1017 1248 1121 1322 occidi,
1136 1259 1167 1310 et

95 1329 156 1392 dixi
171 1331 251 1410 qnod
264 1332 401 1392 mustella
412 1333 549 1395 comedit.
579 1334 691 1395 invenit
706 1343 804 1394 tamen
820 1335 889 1396 alias
901 1336 1014 1408 nenias,
1030 1344 1059 1395 et
1069 1334 1166 1395 liben-

95 1415 209 1478 tissime
225 1416 329 1496 pingit.
358 1425 491 1478 ceterum
502 1418 558 1478 iam
571 1418 723 1480 Graeculis
734 1419 844 1479 calcem
857 1420 994 1499 impingit
1008 1429 1038 1481 et
1049 1419 1167 1480 Latinas

96 1501 196 1581 coepit
209 1519 272 1562 non
287 1499 363 1562 male
378 1512 535 1582 appetere,
556 1504 643 1564 etiam
658 1504 683 1564 si
698 1505 837 1583 magister
850 1505 914 1566 eius
928 1505 984 1566 sibi
999 1505 1121 1584 placens
1135 1505 1169 1565 lit

46 1597 74 1650 15
95 1605 153 1650 noo
171 1605 233 1648 uuo
248 1587 314 1647 loco
330 1587 476 1659 consistit,
492 1589 544 1649 sed
558 1589 648 1660 venit,
664 1587 729 1648 dem
742 1589 850 1662 literas,
866 1591 916 1650 sed
932 1609 993 1650 non
1009 1590 1072 1650 rull
1085 1589 1168 1650 labo-

97 1689 175 1734 rare.
206 1681 249 1733 est
258 1681 288 1733 ct
302 1671 377 1733 alter
388 1690 449 1733 non
463 1673 581 1751 quidem
592 1674 707 1746 doctus,
720 1674 771 1734 sed
783 1675 928 1746 curiosus,
941 1676 991 1753 qul
1003 1675 1071 1753 plus
1082 1675 1169 1734 docet

99 1775 188 1838 mam
199 1757 264 1818 scit.
294 1758 393 1836 itaque
406 1757 516 1819 feriatis
527 1757 631 1819 diebus
643 1759 717 1819 solet
728 1759 850 1820 domum
861 1760 972 1830 venire,
988 1758 1169 1837 etquicquid

98 1842 225 1914 dederis,
241 1850 400 1904 contentos
411 1852 464 1904 est.
494 1843 552 1904 emi
564 1859 635 1922 ergo
651 1861 734 1904 nunc
744 1861 838 1924 puero
854 1844 967 1922 aliquot
981 1844 1055 1905 libra
1070 1843 1169 1904 rubri·

99 1937 174 2002 cata,
182 1928 323 2006 quiavolo
335 1928 417 1988 illum
428 1928 465 1988 ad
476 1929 681 1990 domusionem
693 1929 802 2008 aliquid
812 1929 922 1990 deiure
931 1937 1059 2009 gustare.
1082 1928 1170 1989 habet

47 2021 77 2073 ut
98 2015 171 2074 haec
181 2031 231 2074 res
241 2031 360 2091 panem.
383 2029 451 2074 nam
463 2013 555 2075 literis
563 2015 633 2076 satis
644 2015 817 2092 inquinatus
825 2023 878 2076 est.
895 2015 1011 2094 quodsi
1023 2013 1169 2082 resilierit,

99 2099 243 2160 destinavi
263 2098 345 2158 illum
367 2099 482 2159 artillcii
495 2100 618 2170 docere,
639 2109 689 2160 aut
703 2101 904 2161 tonstreinum
925 2107 976 2161 aut
990 2115 1171 2180 praeconem

99 2193 150 2245 aut
163 2192 245 2247 certe
266 2182 462 2256 causidicum,
486 2185 565 2262 quod
588 2185 630 2244 illi
653 2185 769 2246 aulerro
793 2203 852 2245 non
876 2186 970 2264 possit
991 2185 1047 2246 nisi
1064 2184 1169 2244 Orous.

100 2269 166 2330 ideo
181 2268 223 2330 illi
238 2268 345 2329 cotidie
361 2267 472 2329 clamo:
487 2268 685 2348 “Primigeni,
709 2269 899 2342 medemini,
916 2269 1056 2348 quicquid
1072 2268 1169 2341 discis,

99 2354 153 2416 tibi
166 2351 265 2416 discis.
294 2353 376 2416 vides
386 2353 574 2414 Phileronem
590 2353 785 2415 causidicum:
801 2354 825 2415 si
837 2371 899 2415 non
911 2353 1067 2424 didicisset,
1083 2352 1169 2414 lrodie

47 2447 76 2498 25
96 2441 205 2501 lamam
220 2457 236 2500 a
252 2438 342 2500 labris
357 2455 418 2499 non
431 2439 572 2518 abigeret.
602 2438 700 2513 modo,
715 2440 804 2500 modo
816 2439 892 2500 collo
908 2457 963 2501 suo
979 2439 1170 2500 circumiere·
1228 2451 1231 2458 ’

99 2525 149 2586 bat
164 2543 256 2585 onera
269 2524 399 2597 venalia,
422 2539 504 2586 nunc
526 2525 612 2586 etiam
633 2523 772 2587 adversus
787 2524 959 2585 Norbanum
981 2543 1012 2586 se
1029 2521 1169 2585 extendit.

97 2612 200 2672 literae
214 2611 385 2672 thesaurum
400 2618 455 2683 est,
471 2619 500 2670 et
514 2609 669 2671 artificium
686 2621 838 2690 uunquam
854 2610 1008 2670 moritur”.

185 2695 329 2757 eiusmodi
344 2695 460 2758 fabulae
474 2694 642 2771 vibrabant,
665 2713 733 2756 curn
748 2691 925 2757 Trimalchio
941 2695 1060 2757 intravit
1074 2701 1103 2754 et
1118 2694 1170 2754 de·
1188 2696 1229 2757 47

97 2791 179 2843 tersa
192 2781 291 2842 lronte
307 2790 460 2859 unguento
474 2799 580 2842 manus
595 2781 662 2841 lavit
677 2781 833 2860 spatioque
848 2781 971 2841 minimo
992 2779 1168 2859 interposito

46 2875 75 2928 ³]
98 2866 255 2944 ‘ignoscite
270 2866 351 2927 mihi'
366 2865 463 2945 inquit
479 2867 582 2940 amici,
598 2867 701 2927 multis
715 2865 772 2926 iam
784 2866 887 2928 dicbus
901 2873 1006 2928 venter
1018 2864 1091 2926 milri
1107 2881 1169 2924 non

98 2950 262 3030 respondit.
299 2969 356 3011 neo
375 2951 482 3012 medici
504 2969 535 3012 se
561 2951 726 3012 inveniunt.
761 2952 874 3031 proluit
893 2952 965 3012 mihi
985 2961 1084 3012 umen
1106 2967 1169 3010 ma·

98 3035 235 3098 licerium
250 3045 280 3098 et
294 3036 379 3097 taeda
394 3055 430 3097 ex
445 3044 538 3097 aceto.
568 3052 656 3116 sparo
670 3045 785 3110 tamen,
808 3037 865 3097 iam
880 3045 1009 3098 veterem
1022 3036 1170 3114 pudorem

98 3121 155 3184 sibi
170 3121 312 3202 imponet.
343 3121 474 3201 alioquin
496 3121 575 3182 circa
595 3121 778 3182 stomachum
794 3121 866 3182 milri
881 3129 981 3194 sonat,
1004 3127 1091 3200 putes
1104 3127 1169 3179 tau·

98 3223 176 3268 rum.
205 3207 304 3286 itaque
320 3207 344 3268 si
360 3207 426 3286 quis
439 3215 570 3268 vestrum
584 3206 711 3268 voluerit
729 3225 781 3268 sua
798 3225 830 3266 re
846 3202 957 3289 [causa]
973 3206 1085 3278 lacere,
1108 3223 1169 3264 non

48 3299 75 3351 ut
98 3291 241 3368 estquod
261 3290 343 3352 illurn
358 3292 514 3371 pudeatur.
545 3308 633 3353 nemo
655 3301 791 3353 nostrum
812 3291 905 3352 solide
926 3299 1013 3352 natus
1030 3299 1083 3351 est.
1114 3307 1170 3369 ogo

97 3375 217 3440 nullium
242 3383 316 3453 puto
338 3384 398 3436 tam
423 3395 561 3458 magnum
587 3386 769 3439 tormentum
800 3392 864 3438 esse
890 3392 978 3455 quam
1004 3375 1169 3438 continere.
1220 3423 1226 3438 .

184 3569 206 3628 2*
219 3579 296 3643 potes
313 3571 419 3642 loquere
437 3589 487 3628 non
506 3577 575 3660 loqui
593 3573 603 3643 ΙΙ
619 3581 634 3628 'l
648 3577 785 3658 dispalavit
805 3577 918 3628 Orolla'us
931 3575 993 3694 dn
1014 3589 1092 3626 naves
1109 3571 1119 3642 ΙΙ
1139 3577 1169 3626 13

98 3648 150 3698 lam
168 3641 271 3697 alumna
290 3655 419 3709 creperum
432 3641 561 3696 Graeculis
579 3646 675 3696 calcem
686 3646 828 3712 impingere
846 3646 927 3714 norit
952 3646 1053 3694 euocati
1063 3642 1171 3693 Arbitri
1176 3656 1180 3666 ’

97 3715 209 3768 nomine
221 3715 392 3780 praeempto
410 3719 540 3764 uocarat
550 3711 690 3777 lingendus
704 3715 854 3778 Vulgarum
867 3714 969 3764 addens
986 3723 1115 3777 creperum
1126 3709 1169 3761 vel

99 3782 205 3836 dubiam
222 3780 289 3833 unde
312 3779 490 3847 crepusculum
508 3780 672 3843 (Duemmler
694 3784 726 3830 de
743 3781 856 3833 Auxilio
881 3785 907 3830 ot
924 3779 1057 3844 Vulgario
1070 3795 1099 3846 p.
1118 3779 1169 3843 44),

97 3849 245 3916 Frslgcrttto
264 3851 331 3901 daeo
346 3863 427 3916 quom
444 3850 570 3901 Petronio
587 3845 738 3916 duntona!
753 3852 785 3901 ll
801 3849 836 3902 sil
858 3847 863 3915 l
880 3852 911 3900 15
928 3845 1046 3908 fortusse
1060 3846 1181 3899 ventilat.

99 3917 204 3986 quidem
223 3915 235 3984 l
252 3920 282 3971 ²1
309 3917 442 3971 artificium
466 3915 617 3981 Sekofferm
634 3920 640 3982 Ι
659 3917 829 3970 constreiuum
874 3919 903 3969 ‘all
928 3913 1093 3969 maleieorum
1108 3913 1119 3982 ΙΙ
1137 3913 1169 3966 32

98 3989 215 4039 renuent
