2768 4480
551 212 740 270 mutirent

595 388 635 450 lll
652 391 695 470 (2)
722 397 725 407 ¹

869 475 949 554 siqui
963 475 1097 556 patriam,
1209 481 1253 533 233

259 558 402 620 mliorem
418 562 573 638 parentem
584 559 739 639 extinguit,
754 563 785 619 tn
802 577 838 620 eo
853 568 898 621 est
909 560 1005 640 culpa,
1022 560 1102 638 quod
1114 559 1183 620 iacit
1205 612 1209 620 .

261 661 317 723 pro
332 661 386 706 sua
400 644 525 723 parteis
539 643 591 722 qui
606 662 639 706 se
653 644 804 708 eunuobitt
817 653 868 706 aut
878 645 920 708 ali
934 645 985 724 qui
1001 643 1112 707 liberos

260 728 397 809 perducit
738 779 740 786 .

586 812 640 874 llll
655 813 699 892 (3)

91 993 95 998 .
215 921 365 986 nemoest
379 922 439 974 tam
455 914 625 994 neglegens,
640 915 714 996 quin
729 933 843 980 summa
858 914 1009 994 diligentia
1024 916 1112 996 eligat
1126 916 1183 978 aei-
1209 921 1253 974 336

100 1018 191 1077 num,
208 999 358 1080 quisnam
372 999 454 1061 saliat
471 998 597 1077 equilam

600 1117 623 1177 V
639 1119 683 1195 (5)

154 1239 158 1248 ·
214 1219 387 1280 exercebam
403 1218 597 1294 ambulando,
620 1229 653 1282 ut
666 1219 714 1284 siti
730 1219 866 1302 capacior
888 1220 925 1282 ad
939 1238 1043 1282 cenam
1066 1221 1182 1283 veniret
1209 1225 1252 1277 231

100 1312 208 1385 guttur

472 1429 483 1449 .
592 1387 630 1448 Vl
646 1391 691 1464 (1)

212 1499 316 1551 contra
331 1489 379 1550 lex
394 1489 509 1551 Maenia
523 1497 568 1550 est
582 1489 613 1551 in
628 1488 745 1569 pietate,
762 1507 801 1550 ne
812 1489 864 1550 tilii
876 1491 1012 1570 patribus
1023 1474 1086 1554 luci
1101 1492 1181 1554 claro
1209 1496 1252 1548 233

103 1573 268 1654 suggillent
283 1575 385 1637 oculos

585 1655 637 1717 Vll
651 1658 696 1736 (4)

213 1760 248 1821 ad
264 1761 386 1822 biviram
401 1759 497 1821 venio.
527 1776 596 1820 cum
609 1757 714 1820 vellem
729 1759 896 1835 ostendere,
911 1760 982 1838 qnid
994 1760 1108 1838 vellem,
1120 1760 1181 1824 ble-
1208 1767 1251 1819 233

101 1845 229 1922 murelos
246 1845 466 1908 inconstantiae
476 1845 563 1930 ¹tilius¹
574 1861 621 1906 me
636 1844 829 1924 reprehendit

584 1960 651 2022 vm
667 1963 712 2041 (e)

211 2065 296 2145 signa
324 2083 407 2127 saera
437 2082 501 2134 esse
528 2064 680 2126 desierunt
705 2073 808 2145 postea
834 2083 923 2145 quam
947 2064 1086 2127 homines
1111 2075 1182 2127 sunt
1207 2072 1251 2124 tto

102 2149 174 2210 facti

570 2231 650 2293 Vllll
664 2233 710 2310 (9)

212 2367 310 2428 neque
325 2350 356 2413 in
371 2350 451 2413 bona
466 2360 565 2429 segete
580 2349 695 2411 nullum
713 2359 758 2411 est
779 2351 895 2432 spicum
918 2369 1061 2431 nequam,
1082 2370 1181 2432 neque
1207 2360 1249 2412 241

100 2435 133 2496 in
151 2435 228 2497 mala
244 2452 306 2497 non
322 2434 441 2515 aliquod
457 2436 568 2498 bonum

527 2619 759 2676 toreuma

635 2740 649 2800 l

257 2840 330 2901 haec
344 2840 490 2921 linigerae
511 2841 665 2904 detonderi
686 2841 787 2903 docuit
807 2841 1002 2919 tunicareqne
1016 2838 1181 2900 homullum
1206 2850 1250 2903 242

626 2975 676 3037 ll*

210 3076 349 3158 Epicurei
361 3077 461 3140 dicant
474 3097 619 3141 mmmum
634 3079 742 3141 bobum
757 3070 889 3164 ἡδονήν,
906 3075 999 3140 Stoici
1011 3075 1085 3137 boue
1098 3075 1182 3155 palae
1206 3088 1248 3140 241

99 3171 127 3224 et
143 3165 274 3241 corperis
288 3161 434 3224 libidinem
449 3167 660 3236 criminantur,
676 3161 778 3241 [atilli
791 3156 905 3244 celant]
920 3155 980 3246 τὴν
996 3150 1181 3246 ἀταραξίαν

99 3246 161 3330 τῆς
175 3246 301 3332 ψυχῆς,
314 3246 367 3309 boc
381 3258 420 3310 eet
435 3248 510 3309 nibil
522 3252 621 3310 timere
635 3268 686 3311 aee
701 3266 819 3329 cupere,
835 3265 978 3310 moratum
993 3244 1099 3310 donum
1115 3263 1179 3310 esse.

96 3332 179 3394 ende
200 3329 289 3394 Varro
306 3331 373 3394 dicit
388 3331 591 3416 λαγαμαχίαν
606 3333 762 3397 interillos
777 3351 834 3395 eree
863 3385 866 3392 .

97 3521 100 3526 Δ
190 3552 239 3604 235
258 3549 293 3602 Ν.
302 3565 329 3616 p.
345 3552 393 3604 106
411 3551 555 3603 eunncbare
570 3550 575 3620 Ι
590 3550 708 3620 producit
721 3551 793 3619 11233
811 3551 846 3603 Ν.
857 3566 884 3616 p.
899 3553 947 3603 too
965 3549 1091 3618 aquilam:
1109 3553 1181 3600 neto-

97 3621 182 3672 nerto
194 3619 310 3670 iambico
324 3620 464 3671 melaena
475 3621 629 3672 mliunetoe
637 3621 749 3687 putavit
760 3619 790 3671 t.
803 3619 947 3672 Μιαὶίαηα
959 3617 1031 3738 iem
1044 3615 1079 3670 N.
1090 3633 1117 3683 p.
1130 3619 1178 3668 201

94 3689 191 3755 guttur
212 3685 216 3752 Ι
236 3686 341 3738 dubites
358 3701 393 3738 αα
411 3702 537 3739 numeros
554 3690 680 3740 ratitum
698 3689 849 3740 trochaicae
870 3689 962 3740 exerce
980 3699 1007 3738 or
1025 3682 1179 3738 ambulando

98 3757 138 3808 nti
162 3754 206 3806 siti
231 3753 405 3822 capacior-dd
424 3770 512 3810 cenam
532 3755 608 3822 11238
631 3755 666 3808 Ν.
682 3772 709 3822 p.
730 3758 776 3809 t'tt
797 3754 962 3822 suggillaret!
981 3753 1126 3820 neema.
1146 3755 1178 3807 te

99 3823 200 3876 bivirae
213 3821 285 3892 11241)
297 3822 370 3890 ΝΡ.
385 3825 433 3877 331
447 3837 547 3876 eaerum
562 3825 567 3891 Ι
582 3823 677 3891 signati
694 3837 766 3876 secra
782 3823 855 3875 ende
867 3828 921 3876 tum
933 3821 1042 3889 Lipsiae
1054 3821 1179 3887 addidici

95 3891 164 3944 iacti
183 3893 245 3944 eunt
262 3892 329 3944 sacri
345 3892 493 3944 Fmteriae
505 3890 516 3960 11
527 3894 574 3946 241
595 3892 629 3945 Ν.
645 3909 673 3959 p.
691 3893 741 3946 tto
759 3892 846 3958 spicae

189 3961 239 4013 242
257 3959 292 4011 Ν.
308 3976 336 4027 p.
357 3962 404 4014 182
423 3959 559 4030 tunicarel
573 3963 622 4016 243
641 3962 794 4029 Pmtyrio
811 3961 876 4012 Hor.
893 3963 945 4011 sal.
962 3959 982 4012 11
999 3962 1016 4012 4
1078 3988 1081 3996 v
