2772 4476
565 189 706 246 sarman
1128 195 1168 256 23

30 367 78 418 lin
97 363 238 441 concepti
251 363 326 440 sint;
342 372 520 444 temptemus
532 373 642 442 umen,
657 367 682 430 si
696 367 791 429 adhuc
806 365 927 430 sorbilia
941 369 1031 432 sunt!
1060 373 1169 453 accipi-

96 465 165 509 mus
181 463 238 510 nos
252 448 416 510 cochlearia
430 467 491 511 non
506 450 606 512 nunus
623 451 747 514 selibras
768 454 928 533 pendentia
943 473 1056 535 ovaque
1073 477 1110 519 ex
1124 459 1169 519 la-

97 533 165 594 risa
185 533 290 613 pingui
311 534 436 613 figurata
461 536 676 614 pertundimus.
714 555 769 616 ego
795 538 915 617 quidem
939 559 1035 619 paene
1056 544 1169 623 proieci

96 627 212 696 portem
224 635 331 692 meam,
347 637 415 680 surr
430 621 664 684 videbaturmihi
679 623 737 684 iam
751 621 782 684 in
797 624 913 702 pullum
927 626 1031 688 coisse.
1061 627 1168 690 deinde

65 711 131 764 tut
143 703 241 764 audiri
255 713 384 766 veterem
405 706 571 768 cosmam:
594 707 652 769 ‘hio
673 707 775 769 nescio
797 708 868 787 quid
888 708 961 770 boni
981 711 1070 774 debet
1084 713 1168 787 esse',
1280 755 1283 767 ·

96 796 273 867 persecutus
285 797 429 868 putamen
446 801 538 853 manu
553 791 776 871 pinguissimam
798 794 953 856 ficedulam
969 796 1069 859 iuveni
1083 799 1169 878 pipe-

96 882 162 934 rato
176 871 275 934 citello
290 875 509 938 circumdatam.
1127 899 1129 907 ’

182 957 239 1019 iam
261 958 439 1022 Trimalchio
459 962 561 1022 eadem
587 962 686 1026 omnia
706 963 775 1024 lusu
799 964 969 1026 intermisso
991 961 1170 1045 poposcerai
1186 971 1226 1032 34

96 1046 267 1122 feceratque
281 1053 456 1124 potestatam
478 1046 557 1108 clara
572 1063 659 1121 voce,
681 1048 706 1110 si
721 1048 788 1128 quis
803 1057 939 1110 cosmum
958 1050 1068 1112 iterum
1082 1052 1169 1114 vellet

50 1135 79 1186 td
96 1128 225 1190 rrnlsum
239 1144 371 1204 sumere,
393 1147 462 1192 oum
475 1131 573 1193 subito
589 1133 707 1212 signum
728 1134 904 1217 symphonia
924 1134 1011 1197 datur
1025 1146 1055 1197 et
1070 1147 1170 1214 gusta-

95 1214 172 1274 toria
186 1214 299 1292 pariter
312 1233 329 1276 a
344 1216 436 1277 choro
455 1225 594 1279 cantante
616 1219 782 1297 rapiuntur.
811 1227 946 1281 ceterum
967 1220 1045 1282 inter
1059 1223 1170 1284 tumul*

95 1308 158 1360 tum
175 1317 243 1360 cum
262 1300 339 1360 sorte
354 1301 489 1381 paropsis
510 1302 664 1366 excidisset
684 1311 714 1364 et
734 1322 810 1384 puer
828 1303 979 1366 iacentem.
995 1307 1169 1381 sustulisset,

95 1384 300 1446 animadvertit
314 1384 492 1450 Trimalchio
512 1387 702 1467 colaphisque
724 1387 874 1470 obiurgari
894 1401 1022 1470 puerum
1037 1409 1071 1453 ao
1086 1391 1169 1472 proi·

95 1487 164 1532 cere
185 1485 290 1531 rursus
311 1471 499 1551 paropsidem
519 1473 612 1534 iussit.
642 1473 795 1535 insecutus
816 1483 861 1536 cst
881 1475 1048 1539 lecticarius
1062 1495 1170 1556 argen-

15 1556 79 1611 1115
95 1565 220 1634 tumque
231 1555 310 1616 inter
318 1555 431 1634 reliqua
439 1566 634 1636 purgamenta
641 1559 741 1637 scopis
749 1559 999 1638 ooepiteverrere.
1020 1558 1025 1642 Ι
1044 1561 1170 1624 subinde

95 1642 285 1702 intraverunt
299 1641 360 1702 duo
374 1641 535 1721 Aethiopes
555 1643 681 1723 capillati
702 1661 770 1706 oum
785 1643 900 1722 pusillis
914 1644 1045 1720 utribus,
1068 1647 1170 1726 quales

95 1725 195 1787 solent
215 1743 279 1786 esse
301 1725 353 1804 qui
372 1725 513 1788 harenam
536 1727 567 1787 in
590 1727 805 1806 amphitheatro
828 1735 986 1808 spargrmt,
1008 1730 1170 1811 vinumque

96 1810 207 1872 dedere
221 1811 252 1871 in
267 1829 388 1887 manus;
403 1829 510 1890 aquam
525 1813 606 1873 enim
621 1831 709 1876 neruo
724 1814 865 1893 porrexit.

34 1897 79 1948 HL
186 1892 192 1977 1
211 1893 344 1958 laudatus
357 1903 482 1976 propter
492 1897 654 1978 elegantias
664 1897 803 1960 dominus
814 1899 962 1978 ‘aequum'
975 1897 1074 1978 inquit
1085 1899 1171 1972 ‘hlars

50 1987 78 2038 to
95 1991 181 2042 amat.
216 1982 315 2060 itaque
336 1970 408 2043 iussi
434 1999 516 2044 suam
543 1983 650 2062 cuique
670 2001 803 2046 mensam
829 1983 981 2063 assignari.
1018 1984 1116 2046 obiter
1141 1994 1170 2047 et

95 2067 273 2147 putidissimi
288 2067 363 2128 servi
379 2067 526 2130 minorem
548 2068 635 2132 nobis
652 2077 765 2130 aestum
786 2069 953 2148 frequentia
974 2087 1026 2130 sua
1041 2069 1168 2131 lacient‘.

120 2175 129 2186 ¹·
179 2151 279 2213 statim
299 2151 401 2214 allatae
423 2159 494 2214 sunt
519 2155 679 2233 amphorae
703 2154 813 2216 vitreae
837 2154 995 2234 diligenter
1020 2125 1189 2236 gypsata(

96 2255 223 2316 quarum
238 2237 270 2298 in
286 2237 449 2299 cervicibus
468 2238 588 2318 pittacia
603 2247 689 2300 erant
710 2241 795 2300 alliun
816 2255 885 2300 oum
898 2239 956 2300 hoc
977 2239 1081 2300 titulos
1100 2238 1168 2301 '‘Ta-

94 2322 213 2384 lernum
229 2321 419 2401 Opimianum
434 2339 582 2386 annorum
603 2323 743 2385 centum!
772 2321 843 2384 dum
862 2323 964 2385 titulos
978 2323 1167 2402 perlegimus,

50 2413 79 2464 25
95 2407 254 2488 complosit
276 2406 454 2468 Trimalchio
473 2425 581 2469 manus
600 2415 630 2469 et
643 2407 739 2469 ‘eheu’
759 2409 858 2486 inquit
873 2412 956 2488 ‘ergo
977 2407 1087 2471 diutius
1100 2409 1169 2470 vivit

55 2491 102 2575 ΗΙ
122 2493 226 2554 sinum
248 2509 336 2572 quam
357 2491 530 2554 homuncio:
565 2511 657 2572 quare
677 2503 871 2574 tengomenas
895 2493 1045 2554 iaciamus.
1080 2489 1167 2568 vital

31 2583 79 2635 HL
95 2577 198 2639 vinum
217 2587 271 2640 ast
301 2593 404 2638 verum
426 2577 615 2657 Opimianum
636 2589 764 2659 praesto.
801 2578 867 2640 heri
889 2594 952 2639 non
974 2585 1032 2639 tam
1055 2579 1169 2640 bonum

36 2692 41 2705 ·
95 2663 192 2742 posui,
209 2671 239 2723 et
251 2662 345 2726 multo
359 2663 547 2726 honestiores
561 2663 728 2725 cenabant.¹
755 2663 929 2746 potantibus
950 2679 1021 2742 ergo
1037 2665 1125 2726 nobis
1139 2675 1169 2726 et

95 2748 312 2809 accuratissime
327 2749 455 2810 lautitias
464 2749 644 2832 mirantibus
652 2751 764 2811 laruam
775 2758 946 2828 argenteam
960 2748 1057 2809 attulit
1066 2767 1169 2811 servus

48 2841 78 2892 ac
94 2834 138 2896 sic
152 2840 289 2912 aptatam,
304 2841 338 2894 ut
352 2830 466 2894 articuli
483 2834 546 2896 eius
560 2835 774 2914 vertebraeque
787 2835 902 2896 luxatae
917 2833 948 2895 in
965 2850 1085 2895 omnem
1099 2853 1168 2914 par-

94 2929 155 2979 tem
181 2918 380 2980 flecterentur.
416 2919 495 2980 hano
520 2937 589 2980 cum
614 2934 706 2998 super
726 2937 861 3002 mensam
885 2918 977 2981 semel
1001 2919 1169 2999 itemmque

94 3001 264 3076 abiecisset,
287 3013 318 3064 et
332 3003 478 3066 catenatio
493 3004 610 3066 mobilis
631 3004 744 3084 aliquot
753 3005 870 3084 »figuras
883 3004 1078 3084 exprimeret,
1102 3005 1169 3066 Tri·

95 3087 222 3150 malchio
237 3089 354 3149 adiecit:
774 3110 778 3118 ¹

191 3173 279 3235 ‘eheu
294 3192 350 3236 nos
363 3174 500 3246 miseros,
516 3191 605 3254 quam
620 3183 701 3236 totus
715 3174 876 3235 homuncio
891 3172 934 3234 nil
949 3179 1002 3233 est.
1061 3180 1063 3190 ’
1148 3177 1159 3188 “’

47 3267 76 3317 tt
192 3259 235 3319 sic
251 3259 361 3322 erimus
376 3259 486 3334 cuncti,
501 3268 660 3339 postquam
674 3277 731 3321 nos
746 3259 859 3320 auferet
874 3257 979 3320 Orous.

235 3359 306 3418 ergo
321 3343 459 3413 vivamus,
474 3345 546 3406 dum
560 3345 630 3406 licet
644 3363 708 3406 esse
722 3343 820 3404 bene!

182 3425 378 3487 laudationem
392 3429 537 3492 ieroulum
553 3438 598 3492 est
617 3430 785 3492 insecutum
800 3427 889 3508 plane
911 3445 974 3490 uon
989 3446 1045 3507 pro
1061 3445 1168 3507 espec·
1188 3431 1228 3494 35
1333 3459 1338 3469 ¹

93 3512 210 3576 tatione
220 3513 500 3588 maguum3novitas
511 3524 611 3576 umen
623 3514 759 3578 omnium
769 3513 916 3576 convertit
926 3513 1038 3576 oculos.
1061 3521 1168 3574 rotun-

93 3629 298 3644 m

183 3685 195 3734 1
220 3682 345 3748 concepta
362 3676 437 3797 ψ
454 3678 516 3730 mihi
542 3685 592 3731 om:
610 3681 638 3731 ll
645 3678 655 3748 ΙΙ
671 3684 701 3734 13
719 3681 855 3746 obiurgare
872 3679 917 3749 bil
933 3684 964 3732 ll
985 3679 1168 3746 insecutusque

94 3749 118 3802 L
134 3749 138 3817 Ι
154 3747 373 3818 supellecticarius
412 3761 479 3799 nura
491 3744 501 3815 ΙΙ
515 3749 545 3798 lc
558 3761 658 3799 verrere
669 3748 679 3814 ΙΙ
692 3751 725 3802 20
738 3747 833 3816 iussitll
847 3751 878 3800 21
892 3747 1027 3816 pudissimi
1038 3752 1087 3798 aut
1099 3747 1169 3815 qidis·

96 3817 155 3870 simi
167 3815 178 3884 ll
190 3819 223 3869 26
238 3821 405 3882 tangomenas
420 3814 426 3884 Ι
440 3814 528 3866 mcum
544 3814 598 3865 rita
614 3814 722 3868 (luemus
735 3814 745 3882 ll
757 3817 789 3868 28
809 3816 884 3867 nobls
901 3819 966 3880 poet
978 3815 1168 3868 accuratissime

95 3884 268 3948 (ornatissime
279 3884 314 4005 Ιῖ)
331 3889 381 3936 oatt
398 3882 486 3936 attulit
503 3879 661 3934 oodoootom
678 3885 709 3934 ire
727 3883 803 3934 utro
815 3883 825 3949 ll
838 3886 870 3937 ³2
888 3887 917 3936 ut
933 3883 1066 3954 lamuel
1080 3885 1111 3938 3‘l
1130 3885 1170 3936 in·

97 3959 213 4006 secutum
232 3955 271 4005 est
