2780 4480
688 151 842 206 pernotuit

759 321 775 359 *

311 407 315 490 Ι
336 411 444 492 ‘itaque
456 411 513 472 hoo
524 411 645 472 nomine
656 410 713 471 tibi
728 410 835 490 gratias
849 427 913 488 ago,
929 410 1008 489 quod
1019 427 1067 471 me
1083 409 1237 472 Socratica
1250 411 1308 472 lide
1323 420 1339 471 t

229 495 334 576 diligis.
369 516 431 560 non
447 503 516 558 «tam
542 495 671 566 intactus
692 495 855 558 Alcibiades
881 495 912 556 in
935 495 1138 576 praeceptoris
1158 495 1205 558 sui
1227 496 1307 558 lecto

229 581 327 645 iaoarit'
758 662 776 700 ὕ

146 750 206 814 129
316 752 414 813 ‘crede
429 752 510 826 mibi,
525 751 632 824 frater,
649 769 710 812 non
726 750 866 828 intellego
879 769 928 811 me
943 748 1038 810 virum
1054 767 1135 822 esse,
1158 768 1221 811 non
1238 769 1308 812 sen·

229 837 281 899 tio.
310 838 446 900 funerata
460 846 505 899 est
520 837 567 898 illa
583 854 652 916 pars
667 835 812 916 corporis,
829 853 887 914 qua
903 835 1053 915 quondam
1069 835 1199 897 Achilles
1214 836 1332 898 cram’t

761 943 778 980 ὴ

313 1007 425 1068 veritus
439 1025 528 1086 puer,
553 1025 591 1067 ne
611 1008 641 1068 in
658 1015 772 1068 secreto
788 1005 993 1085 deprehensus
1013 1005 1096 1066 daret
1116 1005 1308 1066 sermonibus

228 1091 338 1166 locum,
353 1093 503 1173 proripuit
517 1111 550 1154 se
565 1093 638 1155 etin
653 1100 768 1173 partem
783 1089 899 1152 aedium
914 1089 1086 1152 interiorem
1102 1089 1177 1169 lugit

761 1198 778 1235 *
1277 1221 1281 1230 .

312 1261 317 1337 Ι
336 1261 507 1325 cubiculum
521 1269 619 1324 autem
634 1279 734 1324 meum
746 1261 864 1342 Chrysis
878 1260 998 1322 intravit
1008 1259 1220 1338 codicillosque
1233 1259 1306 1321 mibi
1323 1261 1355 1314 ld

229 1346 367 1408 dominae
382 1367 453 1411 snae
469 1347 610 1421 reddidit,
626 1347 656 1408 in
674 1346 783 1425 quibus
797 1347 869 1407 baec
885 1354 971 1408 erant
984 1344 1110 1424 scripta:
1137 1344 1233 1406 ‘Circe
1249 1346 1305 1407 Po·
1329 1409 1332 1418 ,

230 1432 335 1512 lyaeno
357 1435 491 1495 salutem.
528 1433 552 1494 si
574 1432 731 1494 libidinosa
757 1450 869 1506 essem,
895 1447 1038 1511 quererer
1059 1429 1198 1510 decepta;
1224 1449 1305 1491 nunc
1319 1438 1339 1490 to

231 1517 318 1580 etiam
332 1518 469 1599 languori
484 1527 536 1580 tuo
551 1518 660 1597 gratias
675 1536 741 1598 ago.
771 1518 801 1578 in
824 1516 929 1579 umbra
944 1515 1101 1595 voluptatis
1115 1515 1226 1576 diutius
1241 1515 1303 1578 lusi.

230 1603 301 1682 quid
316 1611 415 1667 tamen
431 1621 508 1686 agas,
525 1622 652 1683 quaero,
669 1612 750 1665 etan
766 1603 826 1665 tuis
839 1601 965 1684 pedibus
981 1599 1153 1680 perveneris
1168 1601 1302 1676 domum;

202 1723 204 1730 ,
231 1698 342 1769 negant
363 1691 442 1752 enim
465 1689 571 1751 medici
592 1690 657 1750 sine
680 1689 778 1750 nervis
792 1688 929 1750 homines
944 1684 1094 1762 ambulare
1108 1703 1206 1765 posse.
1238 1705 1303 1748 nar·

230 1774 303 1836 rabo
318 1774 382 1849 tibi,
397 1775 580 1848 adulescens,
596 1774 743 1854 paralysin
760 1792 837 1835 cave.
867 1789 1021 1851 nunquam
1037 1788 1093 1848 ego
1108 1789 1231 1850 aegrum
1247 1780 1303 1835 tam

230 1877 338 1937 magno
359 1860 492 1940 periculo
513 1859 587 1934 vidi;
610 1858 724 1920 medius
745 1859 832 1919 lidius
851 1857 909 1918 iam
930 1855 1043 1937 peristi.
1079 1857 1159 1934 quod
1180 1855 1205 1918 si
1228 1855 1302 1918 idem
1318 1864 1339 1916 tt

230 1943 325 2022 irigus
337 1963 433 2024 genua
445 1962 610 2022 manusque
621 1944 807 2022 temptaverit
816 1953 890 2017 tuas,
905 1942 975 2003 licet
989 1941 1024 2001 ad
1035 1940 1184 2004 tubicines
1198 1941 1302 2003 mittas.

231 2029 301 2107 quid
316 2047 388 2110 ergo
404 2027 469 2114 est?
498 2029 585 2090 etiam
600 2029 625 2090 si
640 2045 756 2107 gravem
779 2028 916 2090 iniuriam
936 2026 1053 2106 accepi,
1075 2026 1190 2087 homini
1206 2035 1300 2087 tamen

230 2113 340 2176 misero
357 2134 418 2176 non
433 2114 550 2176 invideo
564 2113 750 2175 medicinam.
780 2113 804 2176 si
819 2113 862 2174 vis
875 2131 965 2174 sanus
980 2130 1053 2187 esse,
1070 2111 1208 2172 Gitonem
1223 2130 1302 2192 roga.

230 2199 373 2280 recipies,
396 2200 534 2280 inquam,
557 2217 665 2261 nervos
686 2206 771 2272 tuos,
792 2198 817 2260 si
831 2199 930 2260 triduo
952 2197 1016 2259 sine
1031 2197 1123 2258 fratre
1138 2195 1300 2259 dormieris.

231 2303 300 2346 nam
315 2286 395 2365 quod
408 2286 444 2347 ud
459 2305 507 2347 me
522 2284 642 2359 attinet,
663 2304 725 2347 non
741 2285 848 2360 timeo,
869 2302 908 2345 ne
923 2283 989 2362 quis
1004 2281 1172 2343 inveniatur
1187 2283 1237 2343 cui
1250 2283 1339 2344 mi-lt

232 2389 289 2432 nus
310 2371 452 2451 placeam.
489 2390 546 2433 neo
566 2371 718 2453 speculum
742 2370 813 2432 mihi
835 2387 892 2432 nee
906 2370 982 2430 lama
997 2367 1151 2428 mentitur.
1180 2367 1302 2444 valc,si

230 2455 335 2536 potes'.

295 2549 328 2602 ut
342 2541 487 2603 intellexit
502 2541 620 2622 Chrysis
636 2541 797 2621 perlegisse
811 2559 860 2602 me
874 2547 968 2600 totum
985 2536 1167 2612 convicium,
1191 2536 1302 2600 ‘solent’

230 2625 328 2704 inquit
343 2627 424 2687 ‘haec
439 2626 518 2700 deri,
542 2632 571 2686 et
594 2625 751 2705 praecipue
772 2625 802 2686 in
824 2626 879 2686 hac
894 2624 1024 2697 civitate,
1046 2622 1077 2682 in
1095 2640 1152 2702 qna
1166 2622 1303 2685 mulieres

231 2709 318 2770 etiam
336 2711 437 2771 lunam
458 2709 649 2770 deducunt*
671 2710 771 2789 itaque
790 2709 879 2771 buius
902 2727 1020 2788 quoque
1042 2707 1087 2768 rei
1108 2725 1179 2768 cura
1194 2716 1339 2786 agelontt

231 2793 362 2856 rescribe
383 2795 472 2856 modo
493 2794 632 2856 blandius
654 2794 791 2856 dominae
812 2794 1003 2873 animumque
1025 2792 1089 2854 eius
1111 2793 1235 2855 eandida
1249 2794 1303 2855 hu·

231 2880 370 2942 manitate
392 2881 524 2943 restitue.
553 2897 656 2942 rerum
677 2879 756 2940 enim
774 2880 925 2942 latendum
948 2887 1007 2940 est:
1029 2896 1065 2939 ex
1087 2895 1144 2956 qua
1166 2879 1240 2939 bora
1259 2878 1303 2939 in-

231 2965 337 3028 iuriam
355 2966 478 3047 accepit,
494 2967 571 3046 apud
587 2984 618 3028 se
633 2983 695 3026 non
713 2965 775 3026 est'.
793 2965 933 3029 ,libenter
949 2963 1068 3045 quidem
1083 2963 1167 3042 perui
1183 2963 1302 3025 ancillae

150 3050 212 3116 130
233 3051 381 3132 verbaque
396 3051 538 3114 codicillis
552 3051 621 3112 talia
636 3049 778 3130 imposui:
796 3050 969 3131 ‘Polyaenos
984 3048 1085 3111 Circae
1100 3048 1234 3110 salutem.
1262 3049 1276 3110 s
1290 3081 1302 3094 ·

232 3143 297 3198 teor
311 3156 375 3214 me,
399 3137 533 3212 domina,
554 3155 641 3216 saepe
664 3153 817 3216 peccassc;
841 3154 909 3196 nam
931 3144 960 3196 et
980 3134 1069 3196 homo
1084 3151 1150 3195 sum
1167 3141 1197 3194 et
1211 3133 1341 3196 adbucut

210 3259 214 3266 -
232 3222 355 3286 iuvenis.
386 3241 540 3302 nunquam
555 3229 654 3284 tamen
671 3229 739 3282 ante
759 3221 842 3283 bunc
856 3222 933 3283 diem
948 3237 1042 3297 usque
1064 3219 1099 3280 ad
1114 3226 1239 3280 mortem
1254 3220 1302 3281 dc·

232 3307 314 3387 liqui.
342 3306 435 3370 babes
449 3309 640 3370 confitentem
656 3324 756 3368 reum:
779 3305 920 3387 quicquid
942 3303 1078 3379 iusseris,
1102 3303 1207 3366 merui.
1236 3323 1302 3384 pro-

232 3391 373 3455 ditionem
390 3394 461 3469 ieci,
483 3393 633 3456 hominem
657 3391 767 3463 occidi,
790 3391 932 3473 templum
947 3389 1065 3452 violavi:
1090 3390 1120 3450 in
1142 3389 1214 3450 baec
1236 3390 1303 3451 laci-

233 3496 307 3540 nora
323 3495 432 3558 quaere
446 3478 634 3558 supplicium.
678 3477 738 3538 sive
754 3476 890 3538 occidere
904 3477 1011 3558 placet,
1034 3476 1113 3536 lerro
1129 3492 1196 3536 meo
1211 3475 1302 3550 venio,

232 3563 292 3626 sive
314 3562 487 3626 verberibus
509 3572 650 3626 contenta
672 3581 719 3637 es,
749 3580 838 3646 cumo
860 3564 965 3625 nudus⁴
980 3561 1016 3622 ad
1039 3559 1198 3622 dominam.
1235 3560 1341 3622 illudet

319 3720 331 3768 1
349 3717 527 3782 prccantum
545 3714 622 3768 Giton
645 3713 678 3767 ad
698 3713 840 3782 Encolpion
857 3712 867 3780 ΙΙ
886 3713 1095 3779 dprccmiemm
1112 3709 1250 3778 Encolpius
1272 3709 1303 3764 ad

233 3779 351 3836 Gitonem
371 3783 381 3852 ΙΙ
401 3787 416 3838 9
435 3784 508 3838 Circe
525 3781 658 3852 Polyaeno
684 3782 731 3838 sal.
751 3799 802 3835 om.
818 3781 862 3849 Ll
885 3784 913 3835 17
938 3784 989 3832 tarn
1005 3793 1073 3844 pars
1090 3779 1235 3830 lidromm:
1250 3777 1304 3840 for·

236 3854 302 3900 taceo
319 3856 405 3904 tamen
423 3857 475 3905 tam
489 3851 499 3920 fl
512 3854 542 3904 31
562 3852 627 3904 banc
639 3851 662 3903 b
675 3850 686 3919 ΙΙ
698 3853 731 3903 32
749 3851 853 3918 inquam
865 3854 926 3916 poet
937 3846 1018 3898 babes
1035 3847 1142 3898 addunt
1158 3863 1193 3898 cn
1207 3847 1228 3898 0
1243 3847 1303 3900 libra·

233 3919 392 3986 intwpcluti
402 3919 412 3987 d
426 3922 458 3972 34
477 3934 534 3972 cunr
552 3919 618 3972 ferro
636 3921 742 3971 conieci
