2772 4476
581 192 722 248 SATthll
1142 194 1182 256 35

63 369 94 420 Η
108 373 210 428 autem
232 375 290 428 tam
316 366 472 446 inaequale
497 376 575 444 erat;
601 386 670 429 nam
695 367 784 430 modo
806 368 998 431 Fortunatam
1024 369 1183 448 verebatur,

109 451 200 513 modo
215 451 252 512 ad
266 459 402 512 naturam
417 469 500 514 suam
514 452 724 516 revertebatur.

197 546 227 598 et
248 536 336 616 plane
358 537 555 617 interpellavit
575 537 738 600 saltationis
767 537 920 602 libidinem
941 541 1104 615 actuarius,
1132 543 1184 622 qui
1201 543 1242 608 53

109 630 252 700 tanquam
270 621 354 683 urbis
373 630 437 682 aeta
453 623 599 687 recitarit:
616 623 686 686 ‘Vll.
702 623 843 686 kalendas
860 624 993 687 sextiles:
1016 625 1046 688 in
1063 628 1183 706 praedio

71 713 86 764 5
110 706 253 781 Cumano,
262 708 341 786 quod
354 716 399 768 est
406 707 640 784 Trimalchionis,
650 709 711 770 nati
721 717 792 770 sunt
802 710 888 789 pueri
898 709 986 786 XXX,
996 712 1110 791 puellae
1118 712 1183 789 xh;

108 791 223 855 sublata
234 793 265 854 in
277 793 421 854 horreum
432 811 467 854 cx
478 811 547 854 arca
558 793 647 856 tritici
658 793 748 856 milba
759 793 891 857 modium
903 796 1184 876 quingenta3hoves

108 877 212 940 domiti
225 877 392 957 quingenti.
423 879 526 941 eodem
542 878 606 940 die:
635 879 817 942 Mithridates
835 897 937 943 servus
951 881 982 942 in
998 901 1118 944 crucem
1133 901 1182 946 ac·

107 971 158 1024 tus
179 970 239 1034 est,
262 963 330 1042 quia
345 962 399 1024 Gai
414 964 509 1026 nostri
523 965 612 1044 genio
634 965 710 1026 male
725 965 848 1028 dixerat.
878 967 980 1030 eodem
1003 967 1065 1028 dier
1088 968 1119 1031 in
1134 985 1182 1033 ar·

108 1065 173 1108 cam
187 1048 312 1110 relatum
334 1056 393 1124 est,
416 1050 495 1128 quod
518 1049 657 1111 collocari
679 1069 740 1111 non
756 1051 861 1130 potuit,
877 1053 1046 1116 sestertium
1060 1054 1181 1116 centies.

53 1139 84 1190 10
106 1132 209 1194 eodem
225 1133 286 1195 die:
303 1133 475 1196 incendium
489 1136 600 1196 lactum
612 1144 657 1198 est
667 1135 698 1197 iu
713 1135 808 1198 hortis
819 1136 1015 1217 Pompeianis,
1031 1145 1131 1200 ortum
1145 1157 1182 1200 ex
1220 1157 1229 1212 3

107 1218 230 1280 aedibus
244 1219 351 1280 Nastae
372 1219 467 1281 vihci'.
498 1218 609 1299 ‘quidl’
638 1221 737 1300 inquit
758 1220 935 1283 Trimalchio
959 1224 1087 1302 ‘quando
1109 1223 1182 1289 mihi

106 1303 280 1384 Pompeiani
294 1304 374 1366 horti
388 1305 480 1386 empti
494 1303 597 1368 suntl’
627 1309 717 1368 ‘anno
736 1306 957 1386 priore'inquit
972 1308 1119 1372 actuarius
1142 1312 1181 1370 ‘et

106 1388 681 1453 ideoinrationemnondumvenerunt.’
702 1391 860 1454 excanduit
869 1392 1046 1454 Trimalchio
1063 1402 1092 1456 et
1103 1393 1179 1473 ‘qui-

106 1474 235 1554 cunque’
250 1475 348 1554 inquit
363 1476 444 1538 ‘mihi
459 1476 544 1538 tundi
559 1476 650 1556 empti
665 1477 786 1550 luerint,
803 1477 860 1540 nisi
875 1477 954 1540 intra
965 1487 1081 1540 sertum
1092 1496 1178 1540 men·

53 1565 82 1617 15
104 1577 168 1620 sem
186 1559 299 1634 sciero,
322 1561 353 1622 in
376 1562 507 1622 rationes
516 1579 607 1634 ‚meas
628 1562 733 1623 inferri
754 1561 861 1624 vetuo’.
903 1563 962 1624 iam
979 1563 1066 1623 etiam
1085 1563 1180 1626 edicta

107 1644 246 1706 acdihum
272 1645 474 1707 recitabantur
498 1654 529 1708 et
548 1646 755 1708 saltuariorum
773 1653 963 1724 testamenta,
985 1645 1094 1726 quibus
1114 1648 1180 1710 Tri·

107 1730 234 1791 malchio
249 1749 317 1792 onm
332 1730 428 1810 elogio
440 1730 688 1807 exheredabatur3
710 1731 769 1792 iam
783 1731 905 1794 nomina
920 1731 1074 1794 vilicorum
1088 1739 1118 1794 ct
1131 1751 1179 1794 re·

105 1815 225 1896 pudiata
240 1834 257 1876 a
271 1815 408 1879 circitorc
422 1816 527 1878 liberta
541 1816 573 1878 in
589 1816 768 1878 balneatoris
782 1817 980 1880 contubernio
995 1818 1179 1898 deprebensa

106 1909 136 1962 ct
150 1901 287 1963 atriensis
300 1901 384 1964 Baias
398 1902 560 1983 relegatum
584 1902 641 1964 iam
663 1921 733 1965 reus
747 1903 842 1964 lactus
857 1902 1043 1982 dispeusator
1059 1912 1089 1964 et
1102 1901 1178 1966 iudi·

52 1993 81 2044 tt
103 1986 182 2048 cium
198 1987 277 2048 inter
291 1986 488 2051 cubicularios
503 1995 612 2050 actum.

189 2072 384 2155 petauristarii
411 2080 508 2135 autem
536 2074 656 2136 tandem
676 2081 833 2134 venerunt.
870 2073 943 2156 haro
965 2072 1179 2136 insulsissimus

104 2176 170 2218 cum
194 2158 280 2220 scalis
302 2157 434 2219 constitit
455 2177 641 2238 puerumque
664 2157 749 2220 iussit
767 2175 823 2236 per
843 2159 952 2236 gradus
967 2164 997 2218 et
1017 2157 1048 2219 in
1064 2176 1177 2220 summa

103 2252 187 2322 parte
204 2243 303 2304 odaria
317 2243 438 2316 saltare,
457 2243 584 2304 circulos
599 2242 706 2304 deinde
721 2243 859 2304 ardentes
873 2242 1021 2304 transilire
1037 2250 1066 2304 et
1080 2243 1177 2304 denti-

103 2328 159 2390 bus
181 2329 354 2409 amphoram
376 2328 532 2389 sustinerc.
568 2328 731 2388 mirabatur
752 2327 824 2388 haee
846 2326 927 2389 solus
941 2325 1118 2388 Trimalchio
1133 2327 1178 2389 di·

51 2421 79 2472 ta
102 2413 247 2494 cehatquc
262 2414 411 2491 ingratum
427 2412 583 2472 artificium
606 2430 679 2474 csse.
710 2418 842 2472 ceterum
864 2412 923 2474 dno
945 2430 1011 2474 csse
1032 2411 1063 2472 in
1087 2411 1177 2476 rebus

102 2498 256 2574 humanis,
280 2517 356 2578 qnae
371 2497 565 2559 libentissime
582 2506 745 2578 spectaret,
767 2497 988 2576 petauristarios
1004 2504 1033 2557 et
1048 2497 1176 2559 cornici-

103 2603 174 2660 nes;
195 2585 308 2664 rehqua
331 2578 489 2666 [animalia]
511 2589 676 2645 acroamata
699 2581 791 2643 tricas
815 2601 912 2646 meras
936 2601 1010 2644 csse.
1044 2585 1122 2643 ‘nam
1148 2589 1178 2643 et

103 2669 270 2732 comoedos’
286 2669 384 2748 inquit
398 2674 536 2730 ‘emeram
544 2688 562 2742 r
571 2668 622 2731 sed
637 2667 726 2730 malui
741 2668 807 2730 illos
822 2667 996 2730 Atellaniam
1011 2667 1124 2743 lacere,
1146 2675 1176 2729 et

103 2755 262 2816 choraulen
279 2773 379 2816 meum
393 2754 465 2816 iussi
480 2753 585 2815 Latine
600 2751 741 2815 cantare!

49 2845 77 2900 tt
187 2858 254 2900 cum
269 2841 394 2902 manime
408 2827 696 2901 haecdicente'Gaio
711 2855 788 2918 puer
1172 2839 1235 2902 ,54

102 2924 329 2988 Trimalchionis
343 2925 482 3004 delapsus
496 2933 549 2987 est.
578 2923 772 2987 conclamavit
782 2922 900 2996 familia,
917 2939 973 2984 nec
986 2922 1085 2984 minus
1101 2940 1175 2983 con·

102 3009 190 3084 vivae,
206 3029 265 3072 non
278 3019 404 3091 propter
413 3009 565 3071 hominem
581 3017 641 3070 tam
653 3008 799 3088 putidum,
814 3008 899 3082 cuius
914 3014 943 3068 et
952 3007 1083 3068 cervices
1097 3007 1174 3068 frac-

99 3103 144 3158 tas
158 3095 287 3158 libenter
301 3095 458 3169 vidissent,
480 3094 531 3156 sed
547 3101 672 3175 propter
685 3093 795 3154 malurn
810 3092 920 3154 exitum
935 3108 1042 3165 cenae,
1066 3110 1105 3152 ne
1121 3109 1174 3154 ne·

99 3199 182 3242 cesse
197 3181 343 3242 haberent
357 3181 487 3244 ahenum
507 3187 659 3241 mortuum
674 3179 802 3259 plorare.
832 3177 896 3256 ipse
913 3175 1091 3237 Trimalchio
1107 3194 1174 3238 oum

48 3270 77 3322 ab
97 3267 228 3346 graviter
242 3266 436 3344 ingemuisset
457 3281 607 3345 superque
621 3263 777 3326 brachium
799 3270 941 3341 tanquam
962 3261 1072 3323 laesum
1087 3261 1174 3322 incu-

98 3350 226 3424 buisset,
248 3367 427 3412 concurrere
448 3349 568 3425 medici,
591 3358 621 3411 et
641 3349 720 3411 inter
735 3347 849 3428 primos
863 3345 1026 3407 Fortunata
1040 3345 1174 3408 crinibus

97 3433 194 3518 passis
217 3451 285 3495 eum
306 3434 432 3513 scypho,
447 3435 642 3514 miseramque
663 3454 695 3498 se
710 3441 797 3512 atque
812 3431 961 3493 infelicem
975 3431 1174 3514 proclamavit.

98 3537 168 3584 nam
183 3537 259 3601 puer
275 3517 409 3597 quidem,
431 3520 482 3598 qui
496 3521 659 3596 ceciderat,
682 3515 857 3581 circumibat
877 3517 934 3580 iam
956 3515 1067 3579 dudum
1082 3515 1173 3596 pedes

98 3614 219 3669 nostros
234 3613 264 3668 et
279 3602 450 3666 missionem
464 3604 596 3684 rogabat.
625 3604 754 3685 pessime
774 3602 939 3677 mihimet,
962 3620 1001 3664 ne
1015 3601 1061 3664 his
1075 3599 1173 3682 preci-

187 3761 198 3810 1
217 3757 373 3810 fortunatam
391 3769 463 3808 suam
481 3753 656 3806 revertebatur
678 3754 755 3807 modo
775 3751 808 3804 ad
825 3756 941 3806 naturam
960 3753 995 3804 et.
1029 3752 1060 3802 iu
1077 3753 1173 3817 priore

98 3831 235 3884 commate,
243 3829 324 3892 putea
346 3823 424 3876 uliud
442 3825 583 3889 praeterea
604 3823 713 3874 vebum
730 3822 855 3872 emmaum
877 3819 950 3870 uelut
972 3817 1172 3888 indignantemdl

97 3894 131 3948 2³
149 3892 279 3962 transiret!
292 3896 325 3946 ab
343 3891 458 3946 cornices
470 3889 481 3960 ll
495 3891 527 3944 2¹1
540 3886 740 3957 cromatarieaell
754 3890 788 3944 28
798 3887 854 3952 sed]
866 3890 894 3944 ct
907 3888 912 3955 l
927 3886 1052 3956 atellam-l
1065 3890 1098 3950 ³⁰
1111 3902 1172 3946 eon·

97 3961 142 4024 set·
157 3959 258 4028 fragm.
275 3960 329 4014 XV
753 3999 757 4005 .
806 4001 830 4025 ¹.
981 4000 984 4008 .
1136 3979 1156 4014 ‘a

930 4039 966 4094 3*
