2768 4480
175 779 712 908 TESTAMENTVM
745 803 1093 906 PORCELLI

183 1111 364 1176 Hieronymus
380 1108 410 1158 in
425 1104 599 1174 praefatione
618 1107 682 1159 titre·
692 1105 747 1158 XII
762 1111 1014 1160 commentariorum
1030 1111 1061 1160 in
1076 1108 1176 1162 isaiam

94 1214 124 1265 p.
137 1195 187 1250 493
202 1193 270 1248 Voti.
289 1191 375 1245 nullus
394 1195 445 1243 tam
463 1191 596 1258 imperitus
614 1191 723 1259 scriptor
741 1194 781 1244 est
799 1192 842 1260 qui
859 1192 982 1246 lectorem
993 1207 1045 1245 non
1062 1192 1177 1246 inveniet

98 1277 210 1334 similem
221 1277 270 1343 sui,
287 1276 421 1344 multoque
432 1291 491 1343 pars
503 1276 584 1328 maior
596 1279 636 1330 est
647 1273 761 1328 ltlilesias
773 1271 883 1330 fabellas
894 1277 1084 1334 revolventium
1098 1293 1175 1347 quum

98 1362 214 1418 Platonis
231 1361 319 1414 libros.
353 1361 379 1413 in
398 1358 479 1414 altero
498 1361 566 1414 enim
583 1359 660 1414 ludus
678 1365 705 1430 ct
722 1359 862 1414 oblectatio
881 1367 935 1428 est,
957 1362 984 1414 in
1008 1362 1088 1418 altero
1107 1361 1177 1416 diiii-

98 1449 181 1502 cultas
205 1450 232 1499 et
256 1444 334 1500 sudor
354 1445 450 1498 mixtus
472 1445 564 1501 labori.
599 1445 710 1512 denique
728 1443 861 1499 Timaeum
883 1444 915 1500 de
933 1446 1021 1500 mundi
1043 1447 1176 1502 harmonia

98 1538 278 1599 astrorumque
301 1546 376 1584 cursu
398 1532 424 1582 et
447 1530 560 1583 numeris
582 1529 756 1597 disputantem
777 1529 834 1598 ipse
861 1529 905 1598 qui
929 1531 1112 1600 interpretatus
1136 1536 1178 1586 est

98 1617 199 1670 Tullius
218 1631 245 1669 se
263 1630 314 1669 non
332 1613 482 1682 intellegere
501 1613 650 1680 confitetur,
672 1619 854 1669 testamentum
872 1618 957 1668 autem
976 1615 1081 1670 Grunnii
1100 1617 1179 1669 Coro·

99 1706 185 1755 cottae
203 1699 309 1767 porcelli
327 1699 464 1753 decantant
481 1700 508 1752 in
526 1699 622 1754 scholis
640 1714 777 1767 puerorum
796 1699 896 1767 agmina
916 1699 1129 1754 cachinnantium.

185 1787 256 1838 idem
280 1791 374 1837 contro
391 1783 518 1849 Rufinum
541 1783 607 1838 11⁷
621 1799 651 1852 p.
668 1783 735 1838 473.-
755 1783 831 1854 quusi
853 1801 904 1838 non
930 1785 1079 1839 cirratorum
1093 1785 1178 1840 turba

98 1870 257 1924 Milesiarum
274 1869 302 1920 in
319 1869 414 1922 scholis
432 1869 555 1938 figmenta
572 1867 692 1924 decantet
714 1876 742 1923 et
765 1873 947 1924 resumentem
965 1870 1018 1922 suis
1036 1869 1176 1924 Bessorum

99 1955 225 2008 cachinno
247 1954 360 2007 membra
381 1955 512 2007 concutiat
532 1958 611 2022 atquc
634 1955 702 2008 inter
725 1970 867 2011 scurrarum
892 1955 982 2024 epulas
1000 1969 1083 2024 nugae
1101 1955 1177 2009 istius

98 2039 169 2094 modi
187 2039 387 2108 frequententur.

186 2330 294 2410 lncipit
310 2335 520 2390 testamentum
533 2328 666 2407 porcelli.

186 2415 225 2476 ll.
242 2415 396 2476 Grunnius
412 2413 569 2474 Gorocotta
584 2411 733 2494 porcellus
748 2420 958 2476 testamentum
974 2413 1053 2476 iecit.
1080 2433 1177 2494 quon-

99 2503 159 2564 iam
174 2518 266 2561 manu
279 2517 344 2560 mea
359 2497 490 2560 scribere
506 2517 567 2560 non
583 2498 679 2578 potui,
695 2497 887 2560 scribendum
902 2499 1017 2560 dictavi.

187 2585 316 2666 Mogirus
334 2601 424 2645 cocus
438 2583 511 2645 dixit
527 2583 603 2646 ‘veni
618 2585 692 2660 huc,
717 2601 836 2646 eversor
855 2583 949 2659 domi,
970 2583 1178 2660 solivortiator,

62 2685 76 2734 i
98 2670 222 2750 fugitive
236 2669 382 2750 porcello,
400 2677 429 2730 et
443 2669 531 2732 hodie
546 2669 600 2732 tibi
615 2669 722 2734 dirimo
740 2667 848 2732 vitam’.
882 2670 1040 2732 Corocotta
1061 2671 1178 2750 porcel-

100 2759 149 2820 lus
164 2756 237 2817 dixit
252 2755 286 2818 ‘si
301 2773 360 2835 qua
374 2755 440 2827 ioci,
456 2755 481 2817 si
498 2773 554 2835 qua
569 2756 698 2837 peccavi,
714 2756 739 2818 si
755 2775 814 2835 qua
827 2755 952 2819 vascella
965 2755 1090 2836 pedibus
1105 2756 1179 2818 meis

101 2841 247 2920 confregi,
262 2858 346 2918 rogo,
361 2841 481 2902 domine
493 2859 573 2916 cooe,
584 2843 671 2903 vitum
683 2850 764 2922 peto,
776 2842 908 2903 concede
919 2840 1057 2920 roganti.
1088 2841 1180 2922 Magi-

101 2946 154 2989 rus
166 2945 256 2987 cocus
267 2925 339 2986 dixit
351 2925 463 2999 ‘transi
475 2943 560 3004 puer,
576 2927 649 2987 affer
659 2927 732 2987 milri
743 2927 779 2987 de
792 2925 1043 2999 cocinacultrum‚
1053 2933 1087 2986 ut
1097 2925 1180 2988 hunc

101 3011 267 3094 porcellum
280 3009 384 3071 faciam
397 3008 574 3071 cruentum’.
593 3010 742 3089 porcellus
754 3010 1039 3090 comprehenditura
1051 3011 1178 3085 famulis,

52 3107 80 3159 10
102 3097 208 3158 ductus
224 3095 279 3158 sub
296 3095 343 3157 die
358 3094 423 3155 XVl
438 3094 494 3155 kal.
510 3094 696 3170 lucerninas‚
711 3093 765 3157 uhi
780 3093 932 3156 abundant
947 3112 1063 3174 cymae,
1082 3094 1180 3156 Cliba-

103 3189 174 3243 neto
197 3190 227 3243 et
248 3181 385 3261 Pipcrato
409 3178 592 3241 consulibus.
637 3188 667 3240 et
688 3188 721 3242 ut
742 3179 814 3241 vidit
843 3199 875 3242 se
902 3180 1080 3241 moriturum
1104 3199 1178 3257 csse,

102 3267 194 3327 horae
209 3267 337 3346 spatium
350 3265 436 3346 petiit
451 3273 480 3327 ot
493 3283 599 3327 cocum
609 3265 723 3346 rogavit
732 3273 767 3327 ut
777 3273 987 3327 testamentum
998 3265 1096 3326 lacero
1108 3285 1178 3346 pos·

102 3360 156 3414 set.
186 3351 319 3413 clamavit
334 3352 370 3412 ad
386 3371 418 3413 se
433 3370 503 3413 suos
519 3358 667 3431 parentes,
681 3359 716 3412 ut
730 3351 766 3412 de
782 3351 899 3412 cibariis
919 3349 981 3412 suis
1003 3350 1112 3429 aliquid
1134 3351 1179 3412 di·

102 3437 233 3497 mitteret
247 3436 298 3499 eis.
329 3436 381 3515 qui
396 3437 450 3497 ait:

189 3602 298 3653 stacteo·
316 3602 398 3654 tidros
421 3605 518 3670 quitus
535 3603 668 3670 Houptiur
691 3618 755 3654 uuus
775 3606 813 3653 ort
836 3617 897 3654 cum
921 3606 1106 3654 testamentum
1130 3603 1181 3653 troc
1224 3609 1236 3632 ⁶

104 3669 257 3723 enodaret
273 3670 404 3735 (Berolini
426 3687 488 3721 ocra
510 3673 577 3722 anni
599 3671 684 3737 1860),
707 3674 779 3722 inter·
802 3686 868 3737 quor
891 3671 915 3724 P
934 3671 1031 3722 uctredo
1055 3671 1180 3722 Parice'm

103 3741 205 3804 scripto
222 3735 313 3798 fertur
322 3739 430 3789 coemto
442 3738 487 3800 IX,
506 3739 617 3791 collatos
634 3742 717 3791 tomi
733 3741 765 3790 od
778 3738 893 3790 Holdero
912 3739 1016 3791 codices
1030 3738 1181 3790 BBruroct-

104 3808 203 3859 tanaem
220 3805 289 3857 5503
305 3821 373 3858 racc.
390 3805 430 3858 XI
445 3810 472 3857 et
488 3806 516 3857 H
529 3807 672 3873 Hugunum
690 3807 741 3860 154
757 3811 769 3857 i
784 3823 852 3859 enoc.
870 3806 929 3859 XII.
964 3806 1088 3858 Dentatis
1108 3811 1182 3860 scta·

106 3877 169 3926 dom
185 3874 346 3925 Bor-nomem
363 3873 389 3924 D
407 3874 522 3926 contulit
539 3875 666 3941 Hagnous
682 3874 817 3940 Philologi
834 3875 886 3928 vol.
904 3874 993 3927 XXXI
1003 3892 1032 3943 p.
1051 3874 1109 3931 182.

194 3945 211 3995 4
229 3941 319 3995 domus
337 3942 406 4010 DHl
421 3942 546 3996 versiator
564 3943 613 3995 soli
630 3944 659 3995 11
667 3942 677 4012 ΙΙ
697 3947 728 3997 13
745 3944 850 3997 vocavit
868 3941 900 3997 ad
918 3959 947 3996 se
965 3944 993 3995 H

158 4035 259 4078 Petronii
272 4036 353 4080 ratim
372 4037 406 4080 sd.
419 4036 452 4080 111
945 4031 977 4083 16
