2780 4480
580 189 720 247 SATIRAE
1149 189 1186 250 71

61 371 86 422 L
110 372 144 426 et
167 363 284 424 frontes
306 361 492 424 cicatricibus
513 360 672 436 scindere?
699 363 844 442 numquid
872 371 901 426 et
923 381 1010 426 crana
1031 364 1063 426 in
1086 364 1189 448 orbem

110 443 269 529 pandere?
296 447 440 525 numquid
467 455 496 510 et
517 447 590 510 talos
612 448 648 511 ad
670 456 781 512 terram
803 447 971 512 deducere‘l
997 450 1142 528 numquid
1164 459 1190 514 et

109 531 238 598 barbam
261 532 416 612 peregrina
438 531 553 596 ratione
579 531 726 611 figurare?
753 533 836 596 color
860 543 924 596 arte
949 535 1189 615 compositusin·

114 619 221 698 quinat
232 635 350 698 corpus,
363 636 426 678 non
437 626 539 690 mutat.
565 618 672 693 audite,
689 619 759 698 quid
770 619 880 682 amenti
891 619 1086 682 succurrerit:
1103 637 1189 700 prac-

69 716 86 764 a
111 704 239 783 ligemus
250 701 378 764 vestibus
387 702 480 782 capita
492 713 521 763 et
532 721 588 766 nos
599 702 630 764 in
643 704 825 783 profundum
839 703 1022 784 mergamus!
1049 708 1097 765 ‘ne
1109 705 1190 769 istud
1209 709 1270 772 103

112 789 154 850 dii
169 787 366 865 hominesque
388 787 546 866 patiantur'
560 787 725 868 Eumolpus
747 789 891 853 exclamat
906 795 948 850 ‘nt
968 808 1019 852 vos
1033 798 1092 852 tarn
1108 789 1188 870 turpi

112 873 194 946 exitu
216 872 304 934 vitam
327 871 443 940 finiatis.
480 873 571 934 immo
586 873 685 953 potius
700 875 801 950 facite,
823 875 902 954 quod
917 874 1014 936 iubeo.
1051 892 1188 938 mercen»

114 959 216 1020 nerins
227 975 322 1030 mens,
339 965 372 1024 ut
383 976 418 1020 ex
430 959 572 1020 novacula
584 958 778 1038 comperistis
792 967 897 1022 tonsor
909 968 968 1022 est:
984 960 1032 1020 hie
1044 959 1187 1024 contiuuo

114 1045 198 1108 radat
213 1043 368 1121 utriusque
392 1043 563 1106 consulum
578 1043 688 1123 capita,
711 1041 865 1108 sedetiam
888 1044 1054 1126 supercilia.
1082 1063 1189 1125 sequar

55 1139 88 1192 to
113 1147 170 1208 ego
185 1129 302 1190 lrontes
325 1135 432 1196 notans
454 1127 650 1207 inscriptione
671 1129 797 1204 sollerti,
821 1138 854 1190 ut
877 1129 1032 1192 videamini
1054 1129 1188 1210 stigmate

115 1231 181 1276 esse
196 1211 303 1300 puniti.
333 1213 373 1274 ita
389 1213 508 1277 eaedem
522 1213 624 1276 literae
641 1223 670 1276 et
681 1214 881 1294 suspicionem
895 1214 1087 1280 declinabunt
1099 1233 1189 1296 quae-

112 1298 246 1360 rentium
261 1307 291 1358 et
305 1298 401 1359 vultus
417 1298 522 1359 umbra
537 1299 675 1378 supplicii
689 1299 810 1379 tegent!

202 1401 264 1444 non
281 1390 325 1444 est
339 1382 426 1443 dilata
441 1383 568 1458 fallacia,
591 1383 643 1446 sed
658 1385 693 1445 ad
712 1385 788 1446 latus
803 1384 909 1464 navigii
924 1384 1025 1444 furtim
1042 1385 1189 1464 processi·

112 1487 183 1530 mus
204 1468 361 1547 capitaque
383 1484 451 1528 cum
473 1468 637 1548 superciliis
658 1468 834 1530 denudanda
855 1468 972 1532 tonsori
989 1469 1188 1548 praebuimus.

59 1566 89 1616 15
113 1553 248 1634 implevit
262 1552 426 1632 Eumolpus
441 1553 556 1616 frontes
571 1554 726 1634 utriusque
741 1554 915 1634 ingentibus
929 1553 1023 1616 literis
1038 1563 1068 1616 et
1083 1562 1188 1618 notum

112 1639 307 1718 lugitivorum
328 1637 508 1717 epigramma
530 1657 585 1719 per
604 1647 696 1700 totam
722 1639 827 1700 faciem
849 1638 962 1700 liberali
984 1657 1074 1700 manu
1096 1639 1188 1700 duxit.

112 1741 195 1786 unns
210 1724 288 1784 forte
303 1741 339 1784 ex
352 1723 534 1798 vectoribus,
558 1724 609 1802 qui
630 1725 791 1787 acclinatus
814 1724 898 1786 lateri
913 1723 994 1786 navis
1009 1723 1190 1787 exonerabat

114 1809 300 1871 stomachum
316 1825 426 1869 nausea
441 1827 573 1888 gravem,
596 1810 708 1871 notavit
729 1809 785 1872 sibi
807 1809 843 1872 ad
859 1810 959 1872 lunam
973 1815 1124 1872 tonsorem
1141 1809 1188 1872 in·

113 1893 291 1974 tempestivo
313 1893 518 1954 inhaerentem
540 1893 720 1970 ministerio,
744 1903 956 1974 execratusque
979 1912 1084 1968 omen,
1108 1893 1188 1973 qnod

58 1991 89 2042 m
112 1978 283 2040 imitaretur
302 1979 513 2058 naufragorum
528 1979 663 2042 ultimum
685 1987 802 2053 votum,
825 1980 856 2041 in
873 1979 970 2042 cubile
991 1979 1119 2042 reiectus
1134 1987 1188 2042 est.

114 2081 172 2136 nos
191 2064 371 2126 dissimulata
390 2064 559 2126 nauseantis
579 2065 735 2128 devotione
756 2066 790 2128 ad
813 2065 949 2127 ordinem
969 2064 1105 2128 tristitiae
1120 2063 1188 2128 red·

113 2149 205 2223 imus,
226 2148 403 2228 silentioque
425 2149 581 2230 compositi
602 2151 730 2230 reliquas
746 2151 843 2212 noctis
862 2151 950 2212 horas
965 2149 1040 2213 male
1058 2149 1189 2230 soporati
1235 2202 1238 2208 .

114 2234 354 2313 consumpsimus
637 2315 656 2352 θ

201 2403 363 2464 ‘videbatur
378 2403 449 2464 mihi
465 2403 628 2465 seeundum
643 2403 772 2483 quietem
788 2403 912 2482 Priapus
925 2401 1040 2466 dicere:
1057 2401 1186 2466 “Encol·
1206 2406 1268 2468 104

61 2501 89 2552 25
112 2490 185 2570 pion
201 2489 280 2568 quod
298 2489 424 2567 quaeris,
437 2488 513 2550 scito
528 2507 545 2549 a
559 2507 606 2549 me
621 2489 653 2549 io
672 2507 776 2550 navem
796 2495 876 2552 tuam
897 2505 961 2550 esse
981 2486 1187 2568 perductum.’'

114 2574 269 2636 exhorruit
284 2574 460 2654 Tryphaena
475 2581 504 2634 ot
516 2573 620 2652 ‘putes'
631 2574 729 2653 inquit
739 2578 810 2635 ‘nna
820 2591 876 2636 uos
886 2573 1059 2650 dormiisse3
1075 2591 1143 2636 nam
1158 2579 1188 2634 et

113 2659 186 2722 mibi
201 2659 392 2720 simulacrum
406 2659 545 2739 Neptuni,
560 2661 641 2738 quod
656 2659 734 2722 Baiis
746 2663 779 2722 a'o
788 2659 940 2739 tetrastylo
951 2667 1130 2734 notaveram,
1145 2657 1188 2720 vi·

113 2745 240 2808 debatur
261 2744 376 2806 dicere:
395 2744 445 2806 “in
469 2763 541 2806 nave
556 2745 664 2806 Lichae
680 2745 787 2806 Gitona
809 2744 970 2806 invenies.’'
1001 2744 1080 2806 ‘hinc
1102 2742 1187 2808 scies’

113 2831 212 2910 inquit
226 2829 391 2909 Eumolpus
413 2829 584 2909 ‘Epicurum
607 2849 672 2892 esse
692 2830 843 2892 honinem
867 2829 1013 2905 divinum,
1036 2828 1088 2908 quui
1110 2829 1188 2891 eius·

65 2925 93 2976 at
113 2915 193 2977 modi
208 2914 336 2977 ludibria
351 2914 525 2976 facetissima
540 2915 655 2976 ratione
669 2914 868 2977 condemnat’

201 3093 333 3146 celamur
349 3084 455 3146 Lichas
468 3093 503 3145 ut
516 3084 710 3165 Tryphaenae
725 3083 874 3146 somnium
889 3081 1023 3162 expiavit,
1040 3080 1124 3162 ‘quis’
1139 3081 1187 3143 iu·

115 3171 178 3250 quit
202 3169 350 3250 ‘prohibet
372 3169 521 3249 navigium
542 3171 681 3245 scrutari,
709 3189 747 3232 ne
766 3169 917 3230 videamur
943 3167 1056 3228 divinae
1078 3166 1188 3233 mentis

115 3275 206 3336 opera
221 3252 393 3316 damnarel'

198 3340 293 3419 isqui
314 3349 402 3400 nocto
424 3339 599 3402 miserorum
621 3341 733 3402 furtum
756 3337 1004 3418 deprehenderat,
1021 3335 1116 3400 llesus
1132 3353 1187 3401 oa·

67 3433 93 3484 aa
114 3427 206 3501 mine,
222 3423 323 3487 subito
336 3425 515 3505 proclamat:
536 3430 616 3503 ‘ergo
631 3424 674 3486 illi
695 3423 747 3503 qui
762 3430 847 3495 scrut,
864 3422 916 3501 qui
931 3428 1020 3486 noete
1035 3421 1070 3484 ad
1085 3421 1188 3484 lunam

115 3511 297 3572 radebantur
307 3510 436 3588 pessimo
448 3509 562 3571 medius
573 3510 661 3571 fidius
671 3506 827 3588 exemplo?
839 3507 925 3568 audio
938 3507 1017 3570 enim
1030 3505 1188 3569 nonlicere

117 3597 254 3677 cuiquam
267 3594 435 3657 mortalium
442 3593 473 3656 in
479 3611 554 3656 nave
563 3611 661 3674 neque
673 3610 788 3675 ungues
796 3611 895 3673 neque
901 3592 1022 3672 capillos
1028 3592 1187 3670 deponere,

200 3748 216 3800 3
237 3745 444 3816 peregrinatione
461 3745 505 3812 114
529 3743 629 3798 timenti
649 3742 661 3812 ΙΙ
677 3747 707 3796 15
731 3743 822 3796 inlevit
842 3743 1008 3794 Cornelissen
1025 3739 1036 3808 l
1055 3742 1085 3794 21
1111 3755 1163 3794 uon
1179 3738 1190 3809 ΙΙ

117 3815 147 3866 22
166 3814 310 3882 composito
324 3813 378 3881 1121
392 3813 577 3880 praepositum
594 3811 684 3863 hiebus
698 3809 707 3880 ll
721 3814 751 3863 21
765 3809 867 3862 Bristor
885 3809 959 3878 asylo
971 3811 980 3876 ΙΙ
995 3809 1025 3862 31
1046 3807 1107 3878 quid
1119 3807 1189 3860 Bur·

117 3897 229 3934 monnau
240 3883 297 3950 133
311 3887 380 3948 puto
398 3896 501 3949 operam
517 3881 527 3948 l
548 3883 580 3936 tt
598 3880 684 3936 laesus
702 3880 786 3934 omine
806 3879 968 3934 Tornaesius
986 3877 995 3945 ΙΙ
1015 3879 1046 3931 35
1065 3891 1128 3944 rogo
1147 3875 1190 3928 lo-

118 3949 219 4004 codsa'ua
234 3949 238 4018 Ι
253 3949 292 4004 illi
310 3955 370 4002 sunt
389 3949 551 4018 Segobodium
