2768 4480
234 214 296 274 240
611 211 712 265 Lucus
730 209 935 264 convivantes

235 392 317 454 sibus
332 390 446 469 argenti
462 389 535 451 libra
550 397 695 468 protenus
710 387 885 448 traderetur.
922 405 997 465 quae
1020 395 1117 448 autem
1139 388 1187 448 rel
1200 389 1309 469 princi-

235 478 311 560 palia
325 475 417 536 rideri
434 492 499 536 ossa
514 473 641 534 debeant
655 472 700 532 vel
716 473 843 545 minuta,
865 471 1046 533 medicorum
1066 480 1212 534 tractatus
1231 474 1309 534 inre-

237 564 308 625 niat.
338 561 361 622 si
377 568 475 621 autem
491 558 635 638 parasitus
650 557 776 635 amplius
792 575 879 635 quam
891 557 1078 637 praefinitum
1091 566 1135 618 est
1147 559 1309 638 postularit,
1351 557 1355 562 “

237 649 304 729 plus
318 645 403 726 petiti
418 644 550 726 periculo
566 642 777 719 stranguletur.
810 660 862 702 rex
878 641 1002 702 convivii
1018 641 1193 704 iniuriarum
1210 644 1310 704 merita
1330 647 1352 696 15

238 733 324 794 etiam
340 729 512 792 voluntariis
527 727 776 789 decertationibus
791 734 914 803 cogatur
930 726 1097 800 exsolvere,
1120 728 1161 788 ita
1179 736 1212 789 nt
1227 747 1309 807 prae-

238 818 328 879 mium
341 815 493 877 criminosi
505 817 536 875 in
548 813 714 874 mercedem
726 820 856 872 transeat
866 811 1020 873 vulnerati.
1044 811 1073 872 in
1086 820 1203 874 tanturn
1216 823 1309 874 autem

237 901 371 983 parasitis
385 899 501 962 consuli
521 899 585 960 iura
606 897 777 971 voluerunt,
798 905 830 956 ut
852 896 875 956 si
897 893 1070 958 vulneribus
1089 897 1225 961 adllictus
1240 918 1310 960 con-

237 995 340 1048 testata
363 985 412 1046 lite
433 984 589 1058 deiecerit,
614 981 773 1043 heredibus
798 981 862 1042 eius
883 981 998 1060 paterni
1020 981 1129 1043 laboris
1155 1001 1189 1044 ac
1216 985 1308 1045 meriti

238 1072 367 1151 praemia
384 1089 444 1131 non
461 1077 618 1147 negentur.
657 1067 735 1145 quod
758 1066 782 1127 si
798 1066 944 1145 parasitus
962 1066 1094 1144 quamvis
1108 1075 1253 1130 tractatus
1267 1071 1310 1130 in·
1329 1071 1352 1120 'll

239 1156 405 1228 commode,
425 1167 523 1214 tamen
540 1154 576 1213 de
592 1152 675 1212 malis
691 1152 752 1213 suis
774 1150 929 1212 intestatus
944 1151 1101 1225 occiderit,
1122 1152 1211 1214 heres
1226 1172 1309 1233 agere

239 1259 299 1302 non
317 1239 436 1320 poterit.
466 1238 516 1317 qui
532 1256 633 1299 causas
647 1237 751 1298 mortis
766 1255 826 1298 non
843 1235 1010 1309 reddiderit,
1026 1236 1195 1316 insepultus
1206 1238 1309 1301 abicia-

238 1335 296 1386 tur.
334 1324 451 1385 ethaeo
466 1323 564 1384 omnia
579 1323 622 1384 sic
638 1322 859 1394 constituimus,
882 1321 963 1400 quasi
985 1320 1062 1382 inter
1078 1325 1244 1385 concivium
1259 1325 1309 1384 lm·

238 1410 352 1472 minum
371 1408 531 1470 liberorum
553 1416 583 1470 et
603 1407 769 1486 aequalium
784 1406 938 1468 lasciviens
952 1406 1038 1466 turlta
1054 1405 1209 1468 desaeviat.
1246 1428 1310 1470 nam

239 1496 262 1556 si
280 1514 296 1555 a
312 1503 439 1574 patrono
460 1494 506 1554 vel
528 1512 613 1554 servo
635 1492 753 1572 patroni
776 1491 921 1574 parasitus
943 1500 1047 1552 contra
1063 1492 1143 1569 leges
1159 1494 1309 1571 pertulerit
1329 1495 1350 1544 la

238 1580 386 1654 iniuriam,
400 1578 521 1641 habebit
537 1577 667 1658 lugiendi
683 1577 804 1638 liberam
820 1583 1005 1656 potestatem.

324 1765 355 1815 25
378 1764 445 1814 inter
468 1776 496 1813 se
518 1761 617 1812 Daniel
635 1758 644 1829 ll
668 1758 703 1822 cf.
727 1761 836 1825 Queroll
858 1760 1005 1812 dioerdr'um
1026 1773 1054 1824 p.
1072 1761 1113 1823 58,
1134 1764 1179 1814 15:
1205 1767 1308 1828 potesne

239 1831 337 1883 discere
354 1830 425 1896 leges
443 1831 541 1881 novas?
571 1828 604 1880 Μ.
622 1828 730 1894 hahahe,
748 1829 806 1880 illas
824 1832 927 1894 egomet
945 1842 975 1879 ex
994 1831 1066 1894 parte
1085 1828 1196 1882 condidi.
1227 1829 1253 1891 0.
1272 1846 1308 1883 se·

238 1903 313 1950 natus
332 1897 476 1951 consultum
495 1897 554 1948 dico
573 1895 741 1948 Seruilianum
760 1902 787 1948 et
798 1895 975 2016 parasiticum.
1011 1893 1044 1947 ill.
1063 1895 1126 1957 che,
1144 1898 1217 1950 visne
1235 1901 1307 1950 inter-

238 1965 362 2016 dictorum
382 1981 409 2016 ca
430 1965 532 2016 italam
551 1979 618 2015 nnnc
636 1963 760 2030 eloquar?
782 1980 795 2016 a
831 1965 915 2029 legem
933 1962 1049 2014 Porciam
1067 1962 1199 2018 Caniniam
1212 1966 1306 2018 l'uriam

238 2032 386 2085 consulibus
404 1980 534 2098 lorqnato
552 2034 578 2082 et
596 2030 694 2082 Taurea
