2772 4476
571 199 709 254 SA‘l'leE

39 385 91 436 Lo
261 376 312 455 qui
326 393 443 456 pugnas
459 384 487 436 et
503 384 596 438 castre
609 376 690 456 petit,
706 377 907 458 praecingitur
922 395 1010 454 aur03

258 461 322 522 vilis
337 461 471 522 adulator
485 461 564 540 picto
580 461 657 522 iacet
671 461 771 523 ebrius
787 469 877 536 ostro,

258 546 352 624 etqui
368 547 505 608 sollicitat
518 555 642 626 nuptas,
660 547 694 607 ad
709 547 839 626 praemia
853 556 973 626 peccat:

257 632 319 693 sola
334 632 486 710 pruinosis
501 632 603 693 horret
622 632 759 694 facundia
774 633 881 712 pannis

55 726 73 774 5
258 726 346 795 atque
361 717 443 796 inopi
458 717 558 794 lingua
574 718 705 778 desertas
726 718 843 778 invocat
857 726 944 778 artes.

100 821 166 866 non
183 802 274 864 dubie
289 803 328 863 ita
343 811 402 864 est:
417 801 441 864 si
454 802 524 880 'quis
537 802 675 864 vitiorum
691 801 824 863 omniurn
839 802 977 864 inimicus
992 811 1108 865 rectum
1122 806 1178 868 iter
1196 803 1238 866 84

98 889 179 950 vitae
189 888 289 968 coepit
300 888 445 961 insistere,
461 887 590 967 primum
605 896 729 968 propter
739 904 855 950 morum
869 888 1066 950 differentiam
1078 891 1176 953 odium

99 973 208 1048 habet3
230 973 296 1052 quis
312 972 392 1033 enirn
412 981 511 1051 potest
531 971 659 1051 probare
681 971 817 1034 diversa?
840 972 945 1034 deinde
962 975 1012 1052 qui
1034 975 1112 1036 solas
1128 996 1177 1037 er-

101 1067 204 1120 truere
219 1057 333 1118 divitias
353 1066 474 1132 curant,
496 1057 570 1117 nihil
583 1059 687 1119 volunt
707 1058 788 1119 inter
806 1058 942 1120 homines
963 1060 1067 1122 melius
1088 1062 1177 1135 credi,

43 1152 75 1202 1ο
101 1160 192 1226 quam
214 1143 295 1222 quod
309 1142 365 1221 ipsi
385 1151 498 1204 tenent.
535 1144 721 1204 insectantur
739 1143 850 1222 itaque,
871 1160 1049 1224 quacunque
1064 1147 1179 1208 ratione

99 1237 249 1311 possunt,
270 1228 421 1288 literarum
436 1236 596 1301 amatores,
619 1238 652 1292 ut
671 1229 827 1290 videantur
841 1229 882 1290 illi
898 1247 1017 1308 quoque
1032 1231 1109 1292 inlra
1125 1251 1178 1312 pe·

99 1314 223 1376 cuniam
238 1312 335 1393 positi’

634 1397 650 1432 *

59 1485 82 1536 L
189 1482 194 1566 Ι
216 1483 327 1544 ‘nescio
343 1499 402 1560 quo
417 1482 505 1542 modo
521 1482 617 1544 bonae
633 1482 740 1544 mentis
756 1501 841 1544 soror
853 1493 897 1544 est
911 1484 1080 1564 paupertas’

633 1588 650 1627 s

189 1652 320 1726 uellem,
346 1663 406 1712 tam
432 1652 579 1714 innocens
607 1660 684 1714 esset
707 1653 880 1731 frugalitatis
906 1671 988 1714 meae
1011 1654 1119 1728 hostis,
1148 1664 1180 1716 nt

47 1746 75 1796 rt
99 1737 230 1801 deleniri
255 1745 365 1816 posset.
416 1756 498 1799 nunc
523 1746 679 1799 veteranus
705 1746 749 1800 est
774 1738 848 1799 latro
875 1747 904 1799 et
925 1739 996 1818 ipsis
1018 1739 1179 1801 lenonibus

101 1823 230 1886 docticr’
632 1905 647 1942 t

192 1993 232 2054 ‘in
248 1991 345 2054 Asiam
362 2011 428 2053 curn
451 2001 638 2071 aquaestcre
660 2011 754 2054 essem
777 1993 924 2074 stipendio
947 1994 1084 2070 eductus,
1106 1993 1179 2059 hos·
1198 1991 1238 2054 85

102 2078 210 2160 pitium
234 2077 368 2157 Pergami
392 2077 501 2157 accepi.
530 2077 581 2138 ubi
597 2097 664 2139 cum
686 2078 814 2140 libenter
828 2079 990 2142 habitarem
1006 2099 1067 2141 non
1083 2081 1180 2142 solum

102 2170 229 2244 propter
244 2163 357 2225 cultum
372 2162 587 2238 aedicularum,
610 2163 661 2224 sed
684 2163 770 2224 etiam
785 2173 909 2244 propter
929 2165 1053 2244 hospitis
1067 2166 1179 2227 lermo-

50 2253 80 2304 11
103 2246 253 2311 sissimum
274 2247 383 2322 filium,
405 2247 567 2326 excogitavi
588 2249 749 2323 rationem,
772 2267 828 2327 qua
850 2268 922 2309 non
935 2267 1029 2310 essem
1044 2250 1120 2330 patri
1135 2251 1149 2310 1
1165 2283 1179 2295 -

103 2333 202 2396 miliae
222 2341 378 2412 suspectus
392 2341 514 2394 amator.
545 2332 781 2412 quotiescunque
797 2333 917 2394 enimin
930 2334 1063 2394 convivio
1075 2334 1111 2395 de
1123 2353 1179 2396 usu

104 2419 307 2481 formosorum
320 2419 433 2479 mentio
449 2419 525 2479 lacta
540 2428 593 2492 est,
608 2425 668 2478 tarn
682 2418 872 2479 vehementer
887 2417 1041 2493 excandui,
1057 2428 1117 2479 tarn
1132 2438 1179 2480 se-

105 2522 174 2565 vera
189 2503 306 2565 tristitia
329 2503 429 2564 violari
449 2521 536 2564 aures
558 2520 636 2564 meas
659 2502 788 2564 obsceno
810 2521 948 2564 sermone
964 2503 1063 2585 nolui,
1086 2513 1118 2566 ut
1134 2521 1180 2564 me

105 2598 201 2650 mater
219 2590 378 2670 praecipue
393 2598 534 2667 tanquam
556 2607 649 2650 unum
671 2608 706 2650 ex
721 2589 903 2669 philosophis
918 2588 1093 2650 intueretur.
1123 2591 1180 2650 iarn

52 2679 82 2729 2⁶
105 2693 162 2754 ego
178 2693 334 2754 coeperam
350 2671 497 2755 ephebum
512 2672 544 2734 in
560 2675 744 2754 gymnasium
760 2674 921 2749 deducere,
937 2692 992 2754 ego
1007 2675 1103 2737 studia
1117 2676 1181 2736 eius

106 2759 263 2838 ordinares,
287 2778 341 2840 ego
357 2757 464 2820 docere
480 2778 514 2820 ac
528 2759 717 2840 praecipere,
740 2759 860 2838 nequis
875 2761 1033 2839 praedator
1046 2759 1180 2841 corporis

106 2845 312 2906 admitteretur
327 2845 357 2906 in
374 2844 495 2907 domum

382 2951 385 2956 ⁴
640 2952 656 2990 11

194 3013 269 3074 forte
286 3033 354 3075 cum
368 3015 399 3074 in
415 3013 544 3075 trichnio
560 3013 737 3089 iaceremus,
753 3015 820 3093 quia
835 3015 897 3076 dies
912 3014 1063 3075 sollemnis
1078 3013 1180 3074 ludum

106 3107 252 3162 artaverat
277 3098 484 3180 pigritiamque
510 3099 669 3161 recedendi
695 3101 875 3180 imposuerat
898 3098 1028 3160 hilaritas
1053 3098 1181 3178 longior,

55 3187 84 3240 td
106 3187 169 3247 fere
192 3183 271 3245 circa
292 3183 418 3249 mediam
442 3192 561 3246 noctem
583 3185 715 3246 intellexi
729 3201 856 3266 puerum
871 3184 999 3262 vigilare.
1029 3183 1128 3263 itaque
1143 3183 1180 3244 ti·

105 3269 269 3332 midissimo
285 3287 437 3331 murmure
453 3278 552 3331 votum
568 3271 624 3332 feci
647 3279 676 3332 et
693 3267 850 3330 “domina'’
865 3269 987 3348 inquam
1004 3268 1141 3343 “Venus',
1157 3269 1181 3330 si

107 3374 162 3436 ego
178 3355 261 3415 hunc
276 3372 402 3434 puerum
417 3354 586 3431 basiavero,
608 3357 647 3417 ita
662 3364 695 3416 ut
710 3355 758 3416 ille
774 3373 834 3416 non
852 3355 975 3430 sentiat,
992 3373 1057 3416 cras
1072 3353 1113 3416 illi
1128 3372 1182 3434 par

106 3439 311 3502 columbarum
339 3439 486 3502 donabo”.
523 3441 622 3502 audito
652 3439 809 3520 voluptatis
836 3439 933 3519 pretio
961 3458 1037 3520 puer
1058 3446 1182 3501 stertere

105 3523 214 3606 coepit.
244 3523 343 3604 itaque
355 3544 510 3606 aggressus
523 3525 708 3588 simulantem
721 3524 833 3603 aliquot
847 3523 965 3586 basiolis
977 3524 1079 3586 invasi.
1109 3542 1181 3584 con·
1295 3523 1298 3530 ’

54 3618 83 3668 te
104 3620 206 3672 tentus
227 3609 285 3670 hoc
301 3610 447 3692 principio
470 3609 547 3672 bene
563 3629 649 3672 mane
664 3611 778 3672 surrexi
796 3611 982 3690 electumque
1000 3627 1054 3690 par
1069 3609 1181 3670 colum-

105 3693 212 3758 barum
227 3693 311 3756 attuli
326 3695 493 3777 expectanti
507 3715 541 3758 ae
557 3703 685 3757 mereto
702 3695 818 3756 exsolvi.
861 3694 995 3774 proxima
1010 3702 1098 3755 nocte
1114 3711 1182 3755 cum
1200 3689 1241 3752 86

192 3901 206 3950 7
226 3895 353 3964 inspicere
370 3895 379 3964 11
399 3899 430 3949 rb
448 3875 574 3949 iactabtnr
591 3895 600 3962 ll
625 3900 653 3950 11
672 3895 743 3948 maio
761 3894 821 3946 illae
845 3899 871 3946 et
887 3893 1014 3966 positaell
1039 3899 1068 3948 11
1086 3911 1182 3948 noman

108 3967 248 4019 armantia
265 3965 418 4033 adpositum
435 3970 495 4018 erat
511 3964 651 4033 Eumolpus
668 3962 678 4032 ll
695 3966 727 4018 29
746 3966 826 4016 imaro
845 3963 972 4017 adtulerat
