2780 4480
556 203 696 260 sarrana
1123 205 1164 268 79

13 389 60 442 ιθ
78 383 188 443 locum
212 389 242 441 et
262 379 347 440 fatale
371 379 569 441 conditorium
597 379 731 440 familiari
757 397 791 440 ac
815 380 877 442 viro
904 383 1022 442 laceret.
1058 383 1165 444 mulier

80 485 150 528 non
166 465 267 526 minus
280 463 449 526 misericors
464 481 552 543 quarn
567 465 673 544 pudica
689 469 746 526 “ue
762 465 858 527 istud”
873 466 971 545 inquit
986 466 1044 527 “dii
1056 467 1163 542 sinant,

79 561 119 614 ut
142 551 247 612 eodem
270 558 404 628 temporo
429 551 556 612 duorum
581 551 653 610 mihi
679 551 897 612 carissimorum
924 551 1078 614 homiuum
1102 553 1164 614 duo

79 639 195 699 lunera
216 644 357 716 spectem.
393 634 469 695 malo
491 644 642 696 mortuum
663 635 835 714 impendere
857 654 945 715 quam
966 637 1062 697 vivum
1084 637 1163 698 oeci·

45 737 61 786 5
80 721 188 784 dere’'.
226 721 390 782 secundum
411 720 489 780 hanc
513 721 676 781 orationem
698 721 780 782 iubet
801 739 836 782 ex
858 739 926 782 arca
941 739 1050 801 corpus
1065 723 1162 784 mariti

81 807 132 870 sui
159 805 224 868 tolli
250 813 337 884 atque
362 804 417 880 illi,
446 823 521 883 quae
539 805 672 880 vacabat,
695 806 776 866 cruci
795 807 886 884 afligi.
923 826 994 868 usus
1016 815 1059 868 est
1080 806 1165 868 miles

81 891 210 972 ingenio
225 889 472 971 prudentissimae
486 890 629 965 feminae,
644 899 823 970 posteroque
837 891 884 952 die
901 892 1029 973 populns
1042 893 1164 954 miratus
1197 885 1201 893 “

84 987 143 1053 est,
161 990 216 1056 qua
232 975 346 1036 ratione
362 984 497 1036 mortuus
512 975 582 1036 isset
596 976 627 1036 in
647 975 786 1038 crucem!

174 1063 236 1123 risu
252 1069 395 1140 excepere
409 1060 537 1121 tabulam
556 1070 677 1134 nautae,
693 1057 746 1144 [et]
763 1061 957 1123 enmescente
973 1079 1033 1124 non
1049 1062 1162 1122 medio·
1187 1056 1249 1118 113

34 1159 63 1211 tu
84 1148 179 1209 eriter
193 1145 371 1226 Tryphaena
390 1147 562 1225 vultumque
584 1164 671 1208 suum
687 1165 777 1226 super
792 1147 936 1208 cervicem
952 1146 1069 1208 Gitonis
1084 1165 1162 1208 ama-

84 1227 189 1298 biliter
202 1241 344 1312 ponente.
375 1241 404 1292 at
418 1249 480 1293 non
497 1231 602 1292 Lichas
616 1232 696 1305 risit,
719 1232 771 1294 sed
786 1233 893 1294 iratum
910 1249 1098 1294 commovens
1113 1250 1163 1292 oa-

83 1327 142 1398 put
165 1317 199 1379 ‘si
222 1316 324 1378 iustus'
346 1315 443 1395 inquit
465 1317 634 1396 ‘imperator
656 1317 773 1392 luisset,
799 1317 901 1380 debuit
925 1317 1017 1397 patris
1038 1317 1164 1378 familiae

85 1421 198 1483 corpus
213 1403 244 1462 in
260 1410 487 1462 monumentum
504 1403 626 1477 referre,
641 1403 795 1464 mulierem
811 1405 931 1483 affigere
947 1403 1049 1464 crnci’.

173 1505 237 1548 non
261 1486 349 1547 dubie
372 1487 500 1547 redierat
520 1488 550 1548 in
570 1487 701 1549 animum
721 1487 832 1568 Hedyle
855 1489 1073 1568 expilatumque
1096 1487 1163 1550 libi-

39 1587 66 1638 15
85 1575 192 1660 dinosa
213 1571 390 1652 migratione
410 1573 567 1650 navigium.
602 1571 654 1634 sed
675 1591 732 1634 nec
753 1574 879 1636 foederis
899 1573 989 1634 verba
1009 1571 1162 1653 permitte-

85 1659 160 1721 baut
175 1657 360 1730 meminisse,
382 1675 439 1718 nec
453 1658 600 1730 hilaritas,
622 1676 697 1737 quae
714 1667 908 1738 occupaverat
928 1667 1054 1731 mentes,
1076 1657 1163 1718 dabat

84 1739 259 1806 iracundiae
274 1743 381 1803 locum.
412 1752 543 1803 ceterum
560 1743 735 1824 Tryphaena
757 1743 787 1804 iu
803 1744 916 1823 gremio
939 1743 1053 1804 Gitonis
1068 1743 1177 1821 posita·

83 1826 175 1891 modo
196 1827 338 1906 implebat
352 1827 461 1888 osculis
481 1837 599 1907 pectus,
621 1829 770 1890 interdum
791 1828 990 1890 concinnabat
1004 1828 1164 1908 spoliatum

46 1924 67 1974 L
85 1914 223 1976 crinibus
238 1911 359 1994 vultum.
389 1910 393 1994 l
415 1931 468 1991 ego
489 1921 618 1974 maestus
640 1923 670 1975 et
689 1915 845 1994 impatiens
868 1915 994 1976 foederis
1016 1915 1083 1976 novi
1099 1932 1161 1974 non

42 2013 68 2064 to
84 2001 203 2074 cibum,
220 2015 282 2059 non
297 1997 449 2077 potionem
465 1999 632 2078 capiebam,
648 2001 699 2060 sed
714 2001 841 2079 obliquis
860 2000 1053 2080 trucibusque
1068 1998 1163 2060 oculis

84 2094 247 2163 utrumque
272 2082 450 2162 spectabam.
494 2081 594 2145 omnia
619 2103 666 2145 me
692 2085 790 2147 oscula
816 2085 1026 2161 vulnerabant,
1057 2103 1162 2146 omnes

84 2169 263 2243 blanditiae,
291 2184 483 2247 quascunque
504 2170 612 2230 mulier
631 2170 788 2232 libidinosa
809 2171 947 2250 tingebat.
984 2189 1040 2231 nec
1061 2180 1160 2231 tamen

83 2257 180 2318 adhuc
195 2251 335 2328 sciebam,
351 2262 450 2315 utrum
465 2255 558 2333 magis
573 2273 667 2332 puero
682 2255 840 2328 irascerer,
857 2257 935 2334 quod
951 2255 1074 2316 amicam
1088 2255 1161 2316 mihi

84 2342 231 2414 auferret,
260 2356 297 2398 an
318 2340 441 2412 amicae,
463 2339 542 2417 quod
564 2357 690 2417 puerum
712 2349 932 2418 corrumperet:
954 2348 1080 2418 utraque
1102 2339 1161 2400 ini·

45 2437 71 2486 15
84 2426 245 2489 micissima
267 2425 360 2485 oculis
385 2423 459 2484 meis
483 2432 513 2484 et
534 2423 698 2503 captivitate
725 2426 881 2503 praeterita
902 2425 1038 2486 tristiora.
1076 2443 1159 2485 aoce-

84 2511 172 2572 debat
187 2512 263 2584 huc,
281 2510 358 2586 quod
374 2527 474 2588 neque
490 2509 664 2590 Tryphaena
680 2526 727 2570 me
743 2510 948 2588 alloquebatur
961 2519 1102 2588 tanquam
1117 2510 1131 2569 1
1146 2541 1160 2554 -

85 2597 229 2658 miliarem
245 2603 275 2656 et
292 2595 449 2673 aliquando
464 2603 579 2673 gratnm
595 2593 650 2656 sibi
665 2603 841 2671 amatorem,
864 2615 919 2656 neo
941 2595 1030 2656 Giton
1046 2614 1094 2656 me
1109 2602 1160 2655 ant

84 2681 228 2743 tralaticia
244 2680 453 2760 propinatione
469 2680 590 2760 dignum
607 2679 762 2755 iudicabat,
777 2691 828 2742 aut
843 2682 921 2761 quod
937 2681 1093 2743 minimum
1105 2689 1160 2753 est,

85 2765 224 2828 sermone
237 2765 388 2826 communi
399 2765 531 2838 vocabat,
548 2767 646 2838 credo,
662 2767 820 2828 veritusne
832 2768 911 2828 inter
926 2767 1008 2827 initia
1024 2765 1161 2828 coeuntis

44 2863 69 2913 au
84 2852 199 2932 gratiae
211 2859 364 2912 recentem
388 2851 554 2912 cicatricem
570 2849 761 2912 rescinderet.
792 2853 972 2914 mundavere
993 2861 1098 2931 pectus
1118 2851 1160 2912 la-

84 2937 198 2998 emmae
213 2936 314 2997 dolore
328 2944 457 3015 paratae,
473 2935 659 3014 gemitusque
674 2937 801 3017 suspirio
811 2947 908 3000 tectus
923 2937 1051 2998 animam
1065 2955 1161 3016 paene

83 3022 233 3084 submovit

613 3110 629 3148 tlt

170 3193 201 3253 iu
217 3191 503 3271 partemvoluptatis
518 3191 679 3271 temptabat
693 3191 814 3265 admitti,
830 3210 887 3252 nec
898 3189 1010 3253 domini
1026 3190 1159 3270 superni·

85 3277 155 3338 lium
172 3277 324 3352 induebat,
340 3279 391 3338 sed
407 3277 493 3338 amici
508 3276 668 3356 quaerebat
683 3276 858 3356 obsequium

610 3384 626 3422 tlt

46 3439 70 3488 3⁵
171 3447 206 3510 ‘si
230 3446 299 3525 quid
322 3447 445 3526 ingenui
467 3447 619 3526 sanguinis
637 3447 741 3521 habes,
764 3466 824 3508 non
848 3447 942 3528 pluris
962 3446 1041 3507 illam
1060 3447 1159 3521 lacios,

88 3550 174 3610 quam
188 3542 329 3594 scortum.
360 3533 383 3593 si
399 3533 443 3593 vir
458 3534 558 3607 fueris,
575 3553 637 3594 non
652 3533 709 3594 ibis
724 3533 759 3594 ad
775 3533 940 3612 spintriam’

174 3771 185 3819 t
206 3767 401 3820 contubernium
419 3769 564 3835 flagitatur
582 3770 636 3820 nisi
649 3769 904 3833 perditvoeobnlum
917 3766 953 3835 112
967 3781 1014 3817 nec
1028 3765 1037 3834 ΙΙ
1050 3768 1064 3817 3
1077 3765 1162 3819 homi·'

88 3849 145 3886 nom
165 3833 215 3888 dno
235 3837 358 3887 omisitb
372 3835 381 3904 ΙΙ
395 3841 426 3889 14
439 3838 523 3890 hedile
535 3839 543 3900 ΙΙ
561 3840 590 3889 16
603 3841 836 3902 praeoccupaverat
849 3837 912 3886 libri
924 3836 1002 3886 multi
1014 3833 1023 3902 ΙΙ
1037 3839 1068 3888 35
1081 3853 1159 3902 pros·

88 3903 277 4035 qqaqiqqnqncilla
295 3903 463 3972 Tryphaenae
481 3905 513 3958 ad
530 3904 681 3971 Encolpium
701 3903 710 3971 {l
728 3905 759 3958 36
778 3909 890 3970 sportam
906 3903 910 3972 Ι
932 3903 964 3957 ad
985 3903 1099 3971 spuicam
1117 3907 1160 3956 nel
