<?xml version="1.0" encoding="UTF-8"?>
<!DOCTYPE html PUBLIC "-//W3C//DTD XHTML 1.0 Transitional//EN"
    "http://www.w3.org/TR/xhtml1/DTD/xhtml1-transitional.dtd">
<html xmlns="http://www.w3.org/1999/xhtml" xml:lang="en" lang="en">
 <head>
  <title>
</title>
<meta http-equiv="Content-Type" content="text/html;charset=utf-8" />
  <meta name='ocr-system' content='tesseract 3.04.00' />
  <meta name='ocr-capabilities' content='ocr_page ocr_carea ocr_par ocr_line ocrx_word'/>
</head>
<body>
  <div class='ocr_page' id='page_1' title='image "./satiraeetliberp00arbigoog_0251.png"; bbox 0 0 2768 4480; ppageno 0'>
   <div class='ocr_carea' id='block_1_1' title="bbox 214 216 1136 279">
    <p class='ocr_par' dir='ltr' id='par_1_1' title="bbox 214 216 1136 279">
     <span class='ocr_line' id='line_1_1' title="bbox 214 216 1136 279; baseline -0.003 -1"><span class='ocrx_word' id='word_1_1' title='bbox 214 217 277 279; x_wconf 81' lang='grc'><strong><em>244</em></strong></span> <span class='ocrx_word' id='word_1_2' title='bbox 378 219 570 274; x_wconf 76' lang='lat' dir='ltr'><strong><em>snrtRnvat</em></strong></span> <span class='ocrx_word' id='word_1_3' title='bbox 587 217 734 274; x_wconf 71' lang='lat' dir='ltr'><strong><em>cuturn</em></strong></span> <span class='ocrx_word' id='word_1_4' title='bbox 751 216 999 274; x_wconf 79' lang='lat' dir='ltr'><strong><em>MILESlARVMVE</em></strong></span> <span class='ocrx_word' id='word_1_5' title='bbox 1016 219 1136 275; x_wconf 74' lang='lat' dir='ltr'><strong><em>mulcta</em></strong></span> 
     </span>
    </p>
   </div>
   <div class='ocr_carea' id='block_1_2' title="bbox 731 389 779 452">
    <p class='ocr_par' dir='ltr' id='par_1_2' title="bbox 731 389 779 452">
     <span class='ocr_line' id='line_1_2' title="bbox 731 389 779 452; baseline 0 -27"><span class='ocrx_word' id='word_1_6' title='bbox 731 389 779 452; x_wconf 66' lang='lat' dir='ltr'><strong><em>V*</em></strong></span> 
     </span>
    </p>
   </div>
   <div class='ocr_carea' id='block_1_3' title="bbox 215 505 1373 928">
    <p class='ocr_par' dir='ltr' id='par_1_3' title="bbox 215 505 1373 928">
     <span class='ocr_line' id='line_1_3' title="bbox 301 505 1373 591; baseline 0.006 -21"><span class='ocrx_word' id='word_1_7' title='bbox 301 507 456 570; x_wconf 76' lang='lat' dir='ltr'><strong><em>Suetonius</em></strong></span> <span class='ocrx_word' id='word_1_8' title='bbox 471 511 504 570; x_wconf 94' lang='lat' dir='ltr'><strong><em>in</em></strong></span> <span class='ocrx_word' id='word_1_9' title='bbox 518 513 579 572; x_wconf 86' lang='lat' dir='ltr'><strong><em>uita</em></strong></span> <span class='ocrx_word' id='word_1_10' title='bbox 595 509 711 572; x_wconf 74' lang='lat' dir='ltr'><strong><em>Claudii</em></strong></span> <span class='ocrx_word' id='word_1_11' title='bbox 719 505 763 571; x_wconf 84' lang='lat'><strong><em>38</em></strong></span> <span class='ocrx_word' id='word_1_12' title='bbox 776 510 830 572; x_wconf 81' lang='lat' dir='ltr'><strong><em>udi</em></strong></span> <span class='ocrx_word' id='word_1_13' title='bbox 842 513 1000 591; x_wconf 82' lang='lat' dir='ltr'><strong><em>imperator</em></strong></span> <span class='ocrx_word' id='word_1_14' title='bbox 1010 521 1155 574; x_wconf 74' lang='lat' dir='ltr'><strong><em>narratur</em></strong></span> <span class='ocrx_word' id='word_1_15' title='bbox 1169 522 1298 576; x_wconf 85' lang='lat' dir='ltr'><strong><em>testatus</em></strong></span> <span class='ocrx_word' id='word_1_16' title='bbox 1372 572 1373 586; x_wconf 65' lang='grc'>,</span> 
     </span>
     <span class='ocr_line' id='line_1_4' title="bbox 216 589 1373 676; baseline 0.003 -18"><span class='ocrx_word' id='word_1_17' title='bbox 216 613 274 658; x_wconf 86' lang='lat' dir='ltr'><strong><em>ease</em></strong></span> <span class='ocrx_word' id='word_1_18' title='bbox 288 593 481 657; x_wconf 77' lang='lat' dir='ltr'><strong><em>oratiunculis</em></strong></span> <span class='ocrx_word' id='word_1_19' title='bbox 496 595 665 676; x_wconf 68' lang='lat' dir='ltr'><strong><em>animulam</em></strong></span> <span class='ocrx_word' id='word_1_20' title='bbox 685 594 852 657; x_wconf 78' lang='lat' dir='ltr'><strong><em>simulatam</em></strong></span> <span class='ocrx_word' id='word_1_21' title='bbox 873 615 893 657; x_wconf 92' lang='lat' dir='ltr'><strong><em>a</em></strong></span> <span class='ocrx_word' id='word_1_22' title='bbox 906 614 935 657; x_wconf 94' lang='lat' dir='ltr'><strong><em>se</em></strong></span> <span class='ocrx_word' id='word_1_23' title='bbox 949 606 1087 676; x_wconf 66' lang='lat' dir='ltr'><strong><em>remeante</em></strong></span> <span class='ocrx_word' id='word_1_24' title='bbox 1104 596 1176 660; x_wconf 81' lang='lat' dir='ltr'><strong><em>Gaio</em></strong></span> <span class='ocrx_word' id='word_1_25' title='bbox 1192 598 1296 660; x_wconf 87' lang='lat' dir='ltr'><strong><em>stulti-</em></strong></span> <span class='ocrx_word' id='word_1_26' title='bbox 1372 589 1373 646; x_wconf 79' lang='lat' dir='ltr'><strong><em>l</em></strong></span> 
     </span>
     <span class='ocr_line' id='line_1_5' title="bbox 215 679 1296 761; baseline 0.003 -19"><span class='ocrx_word' id='word_1_27' title='bbox 215 685 302 742; x_wconf 88' lang='lat' dir='ltr'><strong><em>tiam:</em></strong></span> <span class='ocrx_word' id='word_1_28' title='bbox 327 697 383 742; x_wconf 90' lang='lat' dir='ltr'><strong><em>nec</em></strong></span> <span class='ocrx_word' id='word_1_29' title='bbox 397 687 495 742; x_wconf 89' lang='lat' dir='ltr'><strong><em>tamen</em></strong></span> <span class='ocrx_word' id='word_1_30' title='bbox 510 679 674 760; x_wconf 80' lang='lat' dir='ltr'><strong><em>persuasit,</em></strong></span> <span class='ocrx_word' id='word_1_31' title='bbox 691 697 759 740; x_wconf 89' lang='lat' dir='ltr'><strong><em>cum</em></strong></span> <span class='ocrx_word' id='word_1_32' title='bbox 774 680 851 740; x_wconf 88' lang='lat' dir='ltr'><strong><em>intra</em></strong></span> <span class='ocrx_word' id='word_1_33' title='bbox 866 679 956 742; x_wconf 78' lang='lat' dir='ltr'><strong><em>breve</em></strong></span> <span class='ocrx_word' id='word_1_34' title='bbox 970 689 1089 761; x_wconf 89' lang='lat' dir='ltr'><strong><em>tempus</em></strong></span> <span class='ocrx_word' id='word_1_35' title='bbox 1103 681 1180 743; x_wconf 83' lang='lat' dir='ltr'><strong><em>liber</em></strong></span> <span class='ocrx_word' id='word_1_36' title='bbox 1194 683 1296 745; x_wconf 90' lang='lat' dir='ltr'><strong><em>editus</em></strong></span> 
     </span>
     <span class='ocr_line' id='line_1_6' title="bbox 215 759 1373 850; baseline 0.001 -23"><span class='ocrx_word' id='word_1_37' title='bbox 215 766 253 827; x_wconf 89' lang='lat' dir='ltr'><strong><em>sit</em></strong></span> <span class='ocrx_word' id='word_1_38' title='bbox 274 765 322 828; x_wconf 86' lang='lat' dir='ltr'><strong><em>aui</em></strong></span> <span class='ocrx_word' id='word_1_39' title='bbox 347 763 437 826; x_wconf 80' lang='lat' dir='ltr'><strong><em>index</em></strong></span> <span class='ocrx_word' id='word_1_40' title='bbox 458 772 519 826; x_wconf 88' lang='lat' dir='ltr'><strong><em>erat</em></strong></span> <span class='ocrx_word' id='word_1_41' title='bbox 539 764 661 850; x_wconf 80' lang='grc' dir='ltr'><em>μωρῶν</em></span> <span class='ocrx_word' id='word_1_42' title='bbox 684 759 930 840; x_wconf 72' lang='grc' dir='ltr'><strong><em>ἐπανάστασις,</em></strong></span> <span class='ocrx_word' id='word_1_43' title='bbox 956 774 1164 846; x_wconf 82' lang='lat' dir='ltr'><strong><em>argumentum</em></strong></span> <span class='ocrx_word' id='word_1_44' title='bbox 1191 777 1293 830; x_wconf 85' lang='lat' dir='ltr'><strong><em>autem</em></strong></span> <span class='ocrx_word' id='word_1_45' title='bbox 1372 769 1373 822; x_wconf 84' lang='lat' dir='ltr'><strong><em>l</em></strong></span> 
     </span>
     <span class='ocr_line' id='line_1_7' title="bbox 215 849 674 928; baseline -0.001 -16"><span class='ocrx_word' id='word_1_46' title='bbox 215 850 368 913; x_wconf 83' lang='lat' dir='ltr'><strong><em>stultitiam</em></strong></span> <span class='ocrx_word' id='word_1_47' title='bbox 384 849 536 912; x_wconf 90' lang='lat' dir='ltr'><strong><em>neminem</em></strong></span> <span class='ocrx_word' id='word_1_48' title='bbox 551 851 674 928; x_wconf 87' lang='lat' dir='ltr'><strong><em>lingere.</em></strong></span> 
     </span>
    </p>
   </div>
   <div class='ocr_carea' id='block_1_4' title="bbox 303 963 1373 1166">
    <p class='ocr_par' dir='ltr' id='par_1_4' title="bbox 303 963 1373 1166">
     <span class='ocr_line' id='line_1_8' title="bbox 723 963 1373 1036; baseline 0.014 -9"><span class='ocrx_word' id='word_1_49' title='bbox 723 963 785 1028; x_wconf 80' lang='lat' dir='ltr'><strong><em>Vl*</em></strong></span> <span class='ocrx_word' id='word_1_50' title='bbox 1372 1019 1373 1036; x_wconf 56' lang='lat'><strong><em>,</em></strong></span> 
     </span>
     <span class='ocr_line' id='line_1_9' title="bbox 303 1056 1291 1166; baseline 0.002 -16"><span class='ocrx_word' id='word_1_51' title='bbox 303 1087 459 1150; x_wconf 77' lang='lat' dir='ltr'><strong><em>Suetonius</em></strong></span> <span class='ocrx_word' id='word_1_52' title='bbox 473 1087 506 1148; x_wconf 84' lang='lat' dir='ltr'><strong><em>de</em></strong></span> <span class='ocrx_word' id='word_1_53' title='bbox 516 1088 713 1166; x_wconf 80' lang='lat' dir='ltr'><strong><em>grammaticis</em></strong></span> <span class='ocrx_word' id='word_1_54' title='bbox 726 1081 749 1148; x_wconf 88' lang='grc'><strong><em>9</em></strong></span> <span class='ocrx_word' id='word_1_55' title='bbox 763 1085 795 1147; x_wconf 87' lang='lat' dir='ltr'><strong><em>de</em></strong></span> <span class='ocrx_word' id='word_1_56' title='bbox 808 1085 919 1148; x_wconf 82' lang='lat' dir='ltr'><strong><em>Orbilio</em></strong></span> <span class='ocrx_word' id='word_1_57' title='bbox 933 1056 1066 1166; x_wconf 83' lang='lat' dir='ltr'><strong><em>Pupilla:</em></strong></span> <span class='ocrx_word' id='word_1_58' title='bbox 1080 1087 1192 1148; x_wconf 87' lang='lat' dir='ltr'><strong><em>librum</em></strong></span> <span class='ocrx_word' id='word_1_59' title='bbox 1204 1089 1291 1150; x_wconf 86' lang='lat' dir='ltr'><strong><em>etiam</em></strong></span> 
     </span>
    </p>
   </div>
   <div class='ocr_carea' id='block_1_5' title="bbox 215 1167 1373 1507">
    <p class='ocr_par' dir='ltr' id='par_1_5' title="bbox 215 1167 1373 1507">
     <span class='ocr_line' id='line_1_10' title="bbox 217 1167 1373 1257; baseline -0.007 -21"><span class='ocrx_word' id='word_1_60' title='bbox 217 1174 265 1236; x_wconf 91' lang='lat' dir='ltr'><strong><em>cui</em></strong></span> <span class='ocrx_word' id='word_1_61' title='bbox 280 1182 324 1234; x_wconf 88' lang='lat' dir='ltr'><strong><em>est</em></strong></span> <span class='ocrx_word' id='word_1_62' title='bbox 338 1173 441 1234; x_wconf 91' lang='lat' dir='ltr'><strong><em>titulus</em></strong></span> <span class='ocrx_word' id='word_1_63' title='bbox 455 1167 654 1257; x_wconf 79' lang='grc' dir='ltr'><em>περιαλγής,</em></span> <span class='ocrx_word' id='word_1_64' title='bbox 672 1171 761 1233; x_wconf 85' lang='lat' dir='ltr'><strong><em>edidit</em></strong></span> <span class='ocrx_word' id='word_1_65' title='bbox 776 1171 980 1233; x_wconf 88' lang='lat' dir='ltr'><strong><em>continentem</em></strong></span> <span class='ocrx_word' id='word_1_66' title='bbox 997 1172 1144 1251; x_wconf 89' lang='lat' dir='ltr'><strong><em>querellas</em></strong></span> <span class='ocrx_word' id='word_1_67' title='bbox 1158 1173 1197 1235; x_wconf 86' lang='lat' dir='ltr'><strong><em>de</em></strong></span> <span class='ocrx_word' id='word_1_68' title='bbox 1213 1173 1293 1235; x_wconf 89' lang='lat' dir='ltr'><strong><em>iniu—</em></strong></span> <span class='ocrx_word' id='word_1_69' title='bbox 1372 1181 1373 1228; x_wconf 79' lang='lat' dir='ltr'><strong><em>t</em></strong></span> 
     </span>
     <span class='ocr_line' id='line_1_11' title="bbox 215 1251 1292 1337; baseline 0.001 -18"><span class='ocrx_word' id='word_1_70' title='bbox 215 1258 282 1332; x_wconf 86' lang='lat' dir='ltr'><strong><em>riis,</em></strong></span> <span class='ocrx_word' id='word_1_71' title='bbox 306 1276 379 1337; x_wconf 92' lang='lat' dir='ltr'><strong><em>quas</em></strong></span> <span class='ocrx_word' id='word_1_72' title='bbox 393 1257 578 1337; x_wconf 82' lang='lat' dir='ltr'><strong><em>professores</em></strong></span> <span class='ocrx_word' id='word_1_73' title='bbox 601 1255 780 1336; x_wconf 82' lang='lat' dir='ltr'><strong><em>negligentia</em></strong></span> <span class='ocrx_word' id='word_1_74' title='bbox 796 1263 845 1318; x_wconf 93' lang='lat' dir='ltr'><strong><em>aut</em></strong></span> <span class='ocrx_word' id='word_1_75' title='bbox 860 1251 1021 1318; x_wconf 85' lang='lat' dir='ltr'><strong><em>ambitione</em></strong></span> <span class='ocrx_word' id='word_1_76' title='bbox 1037 1266 1197 1336; x_wconf 88' lang='lat' dir='ltr'><strong><em>parentum</em></strong></span> <span class='ocrx_word' id='word_1_77' title='bbox 1215 1260 1292 1320; x_wconf 88' lang='lat' dir='ltr'><strong><em>acci-</em></strong></span> 
     </span>
     <span class='ocr_line' id='line_1_12' title="bbox 215 1340 1373 1424; baseline 0.003 -22"><span class='ocrx_word' id='word_1_78' title='bbox 215 1351 333 1423; x_wconf 83' lang='lat' dir='ltr'><strong><em>parent.</em></strong></span> <span class='ocrx_word' id='word_1_79' title='bbox 362 1342 418 1403; x_wconf 86' lang='lat' dir='ltr'><strong><em>luit</em></strong></span> <span class='ocrx_word' id='word_1_80' title='bbox 437 1349 535 1403; x_wconf 90' lang='lat' dir='ltr'><strong><em>autem</em></strong></span> <span class='ocrx_word' id='word_1_81' title='bbox 557 1349 680 1403; x_wconf 85' lang='lat' dir='ltr'><strong><em>naturae</em></strong></span> <span class='ocrx_word' id='word_1_82' title='bbox 695 1340 820 1403; x_wconf 85' lang='lat' dir='ltr'><strong><em>acerbae</em></strong></span> <span class='ocrx_word' id='word_1_83' title='bbox 836 1359 896 1402; x_wconf 91' lang='lat' dir='ltr'><strong><em>non</em></strong></span> <span class='ocrx_word' id='word_1_84' title='bbox 918 1341 1007 1403; x_wconf 90' lang='lat' dir='ltr'><strong><em>modo</em></strong></span> <span class='ocrx_word' id='word_1_85' title='bbox 1022 1342 1053 1403; x_wconf 90' lang='lat' dir='ltr'><strong><em>iu</em></strong></span> <span class='ocrx_word' id='word_1_86' title='bbox 1069 1343 1292 1424; x_wconf 86' lang='lat' dir='ltr'><strong><em>antisophistas,</em></strong></span> <span class='ocrx_word' id='word_1_87' title='bbox 1372 1367 1373 1374; x_wconf 48' lang='lat'>¹</span> 
     </span>
     <span class='ocr_line' id='line_1_13' title="bbox 217 1426 1128 1507; baseline 0.001 -20"><span class='ocrx_word' id='word_1_88' title='bbox 217 1446 293 1507; x_wconf 90' lang='lat' dir='ltr'><strong><em>quas</em></strong></span> <span class='ocrx_word' id='word_1_89' title='bbox 309 1427 390 1490; x_wconf 87' lang='lat' dir='ltr'><strong><em>omni</em></strong></span> <span class='ocrx_word' id='word_1_90' title='bbox 406 1427 562 1488; x_wconf 84' lang='lat' dir='ltr'><strong><em>occasione</em></strong></span> <span class='ocrx_word' id='word_1_91' title='bbox 578 1426 724 1502; x_wconf 85' lang='lat' dir='ltr'><strong><em>laceravit,</em></strong></span> <span class='ocrx_word' id='word_1_92' title='bbox 740 1426 894 1488; x_wconf 89' lang='lat' dir='ltr'><strong><em>sedetiam</em></strong></span> <span class='ocrx_word' id='word_1_93' title='bbox 910 1427 940 1488; x_wconf 90' lang='lat' dir='ltr'><strong><em>in</em></strong></span> <span class='ocrx_word' id='word_1_94' title='bbox 957 1426 1128 1506; x_wconf 88' lang='lat' dir='ltr'><strong><em>discipulos.</em></strong></span> 
     </span>
    </p>
   </div>
   <div class='ocr_carea' id='block_1_6' title="bbox 716 1577 793 1639">
    <p class='ocr_par' dir='ltr' id='par_1_6' title="bbox 716 1577 793 1639">
     <span class='ocr_line' id='line_1_14' title="bbox 716 1577 793 1639; baseline 0.026 -2"><span class='ocrx_word' id='word_1_95' title='bbox 716 1577 793 1639; x_wconf 78' lang='lat' dir='ltr'><strong><em>vlt*</em></strong></span> 
     </span>
    </p>
   </div>
   <div class='ocr_carea' id='block_1_7' title="bbox 301 1694 1289 1762">
    <p class='ocr_par' dir='ltr' id='par_1_7' title="bbox 301 1655 1373 1762">
     <span class='ocr_line' id='line_1_15' title="bbox 301 1694 1289 1762; baseline 0.003 -3"><span class='ocrx_word' id='word_1_96' title='bbox 301 1696 456 1762; x_wconf 83' lang='lat' dir='ltr'><strong><em>Suetonius</em></strong></span> <span class='ocrx_word' id='word_1_97' title='bbox 471 1701 503 1760; x_wconf 88' lang='lat' dir='ltr'><strong><em>in</em></strong></span> <span class='ocrx_word' id='word_1_98' title='bbox 516 1701 578 1760; x_wconf 83' lang='lat' dir='ltr'><strong><em>ct&#39;ta</em></strong></span> <span class='ocrx_word' id='word_1_99' title='bbox 593 1695 701 1759; x_wconf 82' lang='lat' dir='ltr'><strong><em>Tiberii</em></strong></span> <span class='ocrx_word' id='word_1_100' title='bbox 714 1694 769 1758; x_wconf 76' lang='lat'><strong><em>42:</em></strong></span> <span class='ocrx_word' id='word_1_101' title='bbox 791 1695 814 1758; x_wconf 86' lang='lat' dir='ltr'><em>T</em></span> <span class='ocrx_word' id='word_1_102' title='bbox 813 1697 920 1760; x_wconf 84' lang='lat' dir='ltr'><strong><em>iberius</em></strong></span> <span class='ocrx_word' id='word_1_103' title='bbox 931 1698 1039 1760; x_wconf 76' lang='lat' dir='ltr'><strong><em>Asellio</em></strong></span> <span class='ocrx_word' id='word_1_104' title='bbox 1052 1698 1165 1760; x_wconf 88' lang='lat' dir='ltr'><strong><em>Sabino</em></strong></span> <span class='ocrx_word' id='word_1_105' title='bbox 1182 1709 1289 1761; x_wconf 89' lang='lat' dir='ltr'><strong><em>sester-</em></strong></span> 
     </span>
    </p>
   </div>
   <div class='ocr_carea' id='block_1_8' title="bbox 215 1769 1289 1864">
    <p class='ocr_par' dir='ltr' id='par_1_8' title="bbox 215 1769 1373 1870">
     <span class='ocr_line' id='line_1_16' title="bbox 215 1769 1289 1864; baseline 0.003 -20"><span class='ocrx_word' id='word_1_106' title='bbox 215 1769 255 1844; x_wconf 87' lang='lat' dir='ltr'><strong><em>tia</em></strong></span> <span class='ocrx_word' id='word_1_107' title='bbox 276 1783 404 1846; x_wconf 89' lang='lat' dir='ltr'><strong><em>ducenta</em></strong></span> <span class='ocrx_word' id='word_1_108' title='bbox 425 1783 544 1846; x_wconf 88' lang='lat' dir='ltr'><strong><em>donavit</em></strong></span> <span class='ocrx_word' id='word_1_109' title='bbox 565 1801 620 1864; x_wconf 90' lang='lat' dir='ltr'><strong><em>pro</em></strong></span> <span class='ocrx_word' id='word_1_110' title='bbox 642 1782 774 1862; x_wconf 84' lang='lat' dir='ltr'><strong><em>dialogo,</em></strong></span> <span class='ocrx_word' id='word_1_111' title='bbox 795 1783 827 1844; x_wconf 92' lang='lat' dir='ltr'><strong><em>in</em></strong></span> <span class='ocrx_word' id='word_1_112' title='bbox 850 1802 910 1863; x_wconf 88' lang='lat' dir='ltr'><strong><em>quc</em></strong></span> <span class='ocrx_word' id='word_1_113' title='bbox 931 1783 1023 1846; x_wconf 83' lang='lat' dir='ltr'><strong><em>boleti</em></strong></span> <span class='ocrx_word' id='word_1_114' title='bbox 1045 1792 1075 1846; x_wconf 85' lang='lat' dir='ltr'><strong><em>ct</em></strong></span> <span class='ocrx_word' id='word_1_115' title='bbox 1095 1785 1240 1846; x_wconf 86' lang='lat' dir='ltr'><strong><em>ficedulae</em></strong></span> <span class='ocrx_word' id='word_1_116' title='bbox 1254 1794 1289 1864; x_wconf 47' lang='lat' dir='ltr'><strong><em>,et</em></strong></span> 
     </span>
    </p>
   </div>
   <div class='ocr_carea' id='block_1_9' title="bbox 215 1867 814 1932">
    <p class='ocr_par' dir='ltr' id='par_1_9' title="bbox 215 1867 814 1932">
     <span class='ocr_line' id='line_1_17' title="bbox 215 1867 814 1932; baseline 0 -3"><span class='ocrx_word' id='word_1_117' title='bbox 215 1876 330 1932; x_wconf 87' lang='lat' dir='ltr'><strong><em>ostreae</em></strong></span> <span class='ocrx_word' id='word_1_118' title='bbox 345 1877 375 1930; x_wconf 90' lang='lat' dir='ltr'><strong><em>et</em></strong></span> <span class='ocrx_word' id='word_1_119' title='bbox 388 1869 469 1932; x_wconf 87' lang='lat' dir='ltr'><strong><em>tardi</em></strong></span> <span class='ocrx_word' id='word_1_120' title='bbox 484 1877 633 1931; x_wconf 88' lang='lat' dir='ltr'><strong><em>certamen</em></strong></span> <span class='ocrx_word' id='word_1_121' title='bbox 649 1867 814 1930; x_wconf 81' lang='lat' dir='ltr'><strong><em>induxerat.</em></strong></span> 
     </span>
    </p>
   </div>
   <div class='ocr_carea' id='block_1_10' title="bbox 212 2011 1287 2226">
    <p class='ocr_par' dir='ltr' id='par_1_10' title="bbox 212 2011 1287 2226">
     <span class='ocr_line' id='line_1_18' title="bbox 299 2011 1287 2108; baseline 0.002 -23"><span class='ocrx_word' id='word_1_122' title='bbox 299 2034 420 2098; x_wconf 70' lang='lat' dir='ltr'><strong><em>Venter,</em></strong></span> <span class='ocrx_word' id='word_1_123' title='bbox 443 2036 527 2086; x_wconf 79' lang='lat' dir='ltr'><strong><em>indta</em></strong></span> <span class='ocrx_word' id='word_1_124' title='bbox 546 2051 676 2101; x_wconf 81' lang='lat' dir='ltr'><strong><em>graeuu,</em></strong></span> <span class='ocrx_word' id='word_1_125' title='bbox 701 2034 796 2108; x_wconf 82' lang='grc' dir='ltr'><em>μωροῦ</em></span> <span class='ocrx_word' id='word_1_126' title='bbox 818 2051 913 2087; x_wconf 88' lang='lat' dir='ltr'><strong><em>nomen</em></strong></span> <span class='ocrx_word' id='word_1_127' title='bbox 939 2035 1053 2087; x_wconf 81' lang='lat' dir='ltr'><strong><em>libellum</em></strong></span> <span class='ocrx_word' id='word_1_128' title='bbox 1077 2041 1201 2102; x_wconf 81' lang='lat' dir='ltr'><strong><em>arguunt</em></strong></span> <span class='ocrx_word' id='word_1_129' title='bbox 1225 2011 1287 2089; x_wconf 45' lang='lat' dir='ltr'><strong><em>&#39;aon-</em></strong></span> 
     </span>
     <span class='ocr_line' id='line_1_19' title="bbox 212 2096 1285 2171; baseline 0.004 -17"><span class='ocrx_word' id='word_1_130' title='bbox 212 2096 326 2155; x_wconf 79' lang='lat' dir='ltr'><strong><em>similem</em></strong></span> <span class='ocrx_word' id='word_1_131' title='bbox 340 2103 454 2155; x_wconf 75' lang='lat' dir='ltr'><strong><em>Senecae</em></strong></span> <span class='ocrx_word' id='word_1_132' title='bbox 470 2107 580 2154; x_wconf 85' lang='lat' dir='ltr'><strong><em>saturae</em></strong></span> <span class='ocrx_word' id='word_1_133' title='bbox 592 2103 601 2170; x_wconf 82' lang='grc' dir='ltr'><strong><em>ΙΙ</em></strong></span> <span class='ocrx_word' id='word_1_134' title='bbox 617 2102 647 2154; x_wconf 88' lang='lat' dir='ltr'><strong><em>Vl</em></strong></span> <span class='ocrx_word' id='word_1_135' title='bbox 664 2103 754 2156; x_wconf 88' lang='lat' dir='ltr'><strong><em>titulus</em></strong></span> <span class='ocrx_word' id='word_1_136' title='bbox 773 2103 918 2171; x_wconf 86' lang='lat' dir='ltr'><strong><em>perialcgcs</em></strong></span> <span class='ocrx_word' id='word_1_137' title='bbox 931 2103 941 2171; x_wconf 92' lang='lat' dir='ltr'><strong><em>l</em></strong></span> <span class='ocrx_word' id='word_1_138' title='bbox 954 2103 998 2156; x_wconf 85' lang='lat' dir='ltr'><strong><em>Vll</em></strong></span> <span class='ocrx_word' id='word_1_139' title='bbox 1015 2104 1116 2156; x_wconf 86' lang='lat' dir='ltr'><strong><em>Seneca</em></strong></span> <span class='ocrx_word' id='word_1_140' title='bbox 1137 2105 1240 2157; x_wconf 83' lang='lat' dir='ltr'><strong><em>suos.ll</em></strong></span> <span class='ocrx_word' id='word_1_141' title='bbox 1257 2107 1285 2158; x_wconf 83' lang='lat'><strong><em>12</em></strong></span> 
     </span>
     <span class='ocr_line' id='line_1_20' title="bbox 213 2170 974 2226; baseline -0.003 0"><span class='ocrx_word' id='word_1_142' title='bbox 213 2170 323 2226; x_wconf 85' lang='lat' dir='ltr'><strong><em>Sabinus</em></strong></span> <span class='ocrx_word' id='word_1_143' title='bbox 339 2171 438 2225; x_wconf 81' lang='lat' dir='ltr'><strong><em>Asilius</em></strong></span> <span class='ocrx_word' id='word_1_144' title='bbox 456 2171 653 2226; x_wconf 88' lang='lat' dir='ltr'><strong><em>venustissimus</em></strong></span> <span class='ocrx_word' id='word_1_145' title='bbox 670 2171 737 2224; x_wconf 88' lang='lat' dir='ltr'><strong><em>inter</em></strong></span> <span class='ocrx_word' id='word_1_146' title='bbox 754 2171 870 2226; x_wconf 87' lang='lat' dir='ltr'><strong><em>rhetores</em></strong></span> <span class='ocrx_word' id='word_1_147' title='bbox 888 2187 974 2226; x_wconf 84' lang='lat' dir='ltr'><strong><em>scurra</em></strong></span> 
     </span>
    </p>
   </div>
   <div class='ocr_carea' id='block_1_11' title="bbox 0 0 1388 4480">
    <p class='ocr_par' dir='ltr' id='par_1_11' title="bbox 0 0 1388 4480">
     <span class='ocr_line' id='line_1_21' title="bbox 0 0 1388 4480; baseline 0 0"><span class='ocrx_word' id='word_1_148' title='bbox 0 0 1388 4480; x_wconf 95' lang='lat' dir='ltr'><strong><em> </em></strong></span> 
     </span>
    </p>
   </div>
  </div>
 </body>
</html>
