<?xml version="1.0" encoding="UTF-8"?>
<!DOCTYPE html PUBLIC "-//W3C//DTD XHTML 1.0 Transitional//EN"
    "http://www.w3.org/TR/xhtml1/DTD/xhtml1-transitional.dtd">
<html xmlns="http://www.w3.org/1999/xhtml" xml:lang="en" lang="en">
 <head>
  <title>
</title>
<meta http-equiv="Content-Type" content="text/html;charset=utf-8" />
  <meta name='ocr-system' content='tesseract 3.04.00' />
  <meta name='ocr-capabilities' content='ocr_page ocr_carea ocr_par ocr_line ocrx_word'/>
</head>
<body>
  <div class='ocr_page' id='page_1' title='image "./satiraeetliberp00arbigoog_0148.png"; bbox 0 0 2780 4480; ppageno 0'>
   <div class='ocr_carea' id='block_1_1' title="bbox 549 177 690 240">
    <p class='ocr_par' dir='ltr' id='par_1_1' title="bbox 549 177 690 240">
     <span class='ocr_line' id='line_1_1' title="bbox 549 177 690 240; baseline -0.043 0"><span class='ocrx_word' id='word_1_1' title='bbox 549 177 690 240; x_wconf 76' lang='lat' dir='ltr'>PRIAPEA</span> 
     </span>
    </p>
   </div>
   <div class='ocr_carea' id='block_1_2' title="bbox 567 352 674 417">
    <p class='ocr_par' dir='ltr' id='par_1_2' title="bbox 567 352 674 417">
     <span class='ocr_line' id='line_1_2' title="bbox 567 352 674 417; baseline 0.009 -3"><span class='ocrx_word' id='word_1_2' title='bbox 567 352 674 417; x_wconf 81' lang='lat' dir='ltr'>XVIIII</span> 
     </span>
    </p>
   </div>
   <div class='ocr_carea' id='block_1_3' title="bbox 189 455 869 960">
    <p class='ocr_par' dir='ltr' id='par_1_3' title="bbox 189 455 746 536">
     <span class='ocr_line' id='line_1_3' title="bbox 189 455 746 536; baseline 0 -18"><span class='ocrx_word' id='word_1_3' title='bbox 189 457 248 518; x_wconf 86' lang='lat' dir='ltr'>llic</span> <span class='ocrx_word' id='word_1_4' title='bbox 262 456 382 536; x_wconf 66' lang='lat' dir='ltr'>quamn</span> <span class='ocrx_word' id='word_1_5' title='bbox 397 455 554 517; x_wconf 75' lang='lat' dir='ltr'>Telethusa</span> <span class='ocrx_word' id='word_1_6' title='bbox 568 457 746 532; x_wconf 79' lang='lat' dir='ltr'>circulatrix,</span> 
     </span>
    </p>

    <p class='ocr_par' dir='ltr' id='par_1_4' title="bbox 191 541 751 621">
     <span class='ocr_line' id='line_1_4' title="bbox 191 541 751 621; baseline 0.002 -19"><span class='ocrx_word' id='word_1_7' title='bbox 191 560 268 621; x_wconf 87' lang='lat' dir='ltr'>quae</span> <span class='ocrx_word' id='word_1_8' title='bbox 284 541 403 603; x_wconf 86' lang='lat' dir='ltr'>clunem</span> <span class='ocrx_word' id='word_1_9' title='bbox 418 541 519 603; x_wconf 87' lang='lat' dir='ltr'>tunica</span> <span class='ocrx_word' id='word_1_10' title='bbox 534 548 655 620; x_wconf 78' lang='lat' dir='ltr'>tegente</span> <span class='ocrx_word' id='word_1_11' title='bbox 670 542 751 603; x_wconf 82' lang='lat' dir='ltr'>nube</span> 
     </span>
    </p>

    <p class='ocr_par' dir='ltr' id='par_1_5' title="bbox 190 623 653 707">
     <span class='ocr_line' id='line_1_5' title="bbox 190 623 653 707; baseline 0 -21"><span class='ocrx_word' id='word_1_12' title='bbox 190 627 267 688; x_wconf 83' lang='lat' dir='ltr'>extis</span> <span class='ocrx_word' id='word_1_13' title='bbox 281 627 380 707; x_wconf 84' lang='lat' dir='ltr'>aptius</span> <span class='ocrx_word' id='word_1_14' title='bbox 393 623 540 704; x_wconf 76' lang='lat' dir='ltr'><strong>altiusque</strong></span> <span class='ocrx_word' id='word_1_15' title='bbox 553 626 653 700; x_wconf 88' lang='lat' dir='ltr'>movit,</span> 
     </span>
    </p>

    <p class='ocr_par' dir='ltr' id='par_1_6' title="bbox 190 709 695 773">
     <span class='ocr_line' id='line_1_6' title="bbox 190 709 695 773; baseline -0.004 -1"><span class='ocrx_word' id='word_1_16' title='bbox 190 711 313 773; x_wconf 83' lang='lat' dir='ltr'>crisebit</span> <span class='ocrx_word' id='word_1_17' title='bbox 326 711 379 772; x_wconf 91' lang='lat' dir='ltr'>tibi</span> <span class='ocrx_word' id='word_1_18' title='bbox 393 711 555 772; x_wconf 82' lang='lat' dir='ltr'>fluctuante</span> <span class='ocrx_word' id='word_1_19' title='bbox 569 709 695 772; x_wconf 83' lang='lat' dir='ltr'>lumbo?</span> 
     </span>
    </p>

    <p class='ocr_par' dir='ltr' id='par_1_7' title="bbox 190 795 869 960">
     <span class='ocr_line' id='line_1_7' title="bbox 191 795 819 876; baseline 0.003 -20"><span class='ocrx_word' id='word_1_20' title='bbox 191 797 267 857; x_wconf 90' lang='lat' dir='ltr'>haec</span> <span class='ocrx_word' id='word_1_21' title='bbox 282 796 326 858; x_wconf 87' lang='lat' dir='ltr'>sic</span> <span class='ocrx_word' id='word_1_22' title='bbox 341 814 403 857; x_wconf 89' lang='lat' dir='ltr'>non</span> <span class='ocrx_word' id='word_1_23' title='bbox 418 795 507 857; x_wconf 87' lang='lat' dir='ltr'>modu</span> <span class='ocrx_word' id='word_1_24' title='bbox 522 803 562 870; x_wconf 85' lang='lat' dir='ltr'>te,</span> <span class='ocrx_word' id='word_1_25' title='bbox 577 795 694 875; x_wconf 87' lang='lat' dir='ltr'>Priape,</span> <span class='ocrx_word' id='word_1_26' title='bbox 709 805 819 876; x_wconf 83' lang='lat' dir='ltr'>pessel,</span> 
     </span>
     <span class='ocr_line' id='line_1_8' title="bbox 190 880 869 960; baseline 0 -19"><span class='ocrx_word' id='word_1_27' title='bbox 190 881 362 960; x_wconf 79' lang='lat' dir='ltr'>privignum</span> <span class='ocrx_word' id='word_1_28' title='bbox 376 899 498 959; x_wconf 87' lang='lat' dir='ltr'>quoque</span> <span class='ocrx_word' id='word_1_29' title='bbox 512 880 564 941; x_wconf 91' lang='lat' dir='ltr'>sed</span> <span class='ocrx_word' id='word_1_30' title='bbox 579 898 697 942; x_wconf 87' lang='lat' dir='ltr'>movere</span> <span class='ocrx_word' id='word_1_31' title='bbox 711 880 869 944; x_wconf 86' lang='lat' dir='ltr'>Phaedrae.</span> 
     </span>
    </p>
   </div>
   <div class='ocr_carea' id='block_1_4' title="bbox 592 1031 646 1092">
    <p class='ocr_par' dir='ltr' id='par_1_8' title="bbox 592 1031 646 1092">
     <span class='ocr_line' id='line_1_9' title="bbox 592 1031 646 1092; baseline 0 0"><span class='ocrx_word' id='word_1_32' title='bbox 592 1031 646 1092; x_wconf 91' lang='lat' dir='ltr'>XX</span> 
     </span>
    </p>
   </div>
   <div class='ocr_carea' id='block_1_5' title="bbox 193 1133 990 1620">
    <p class='ocr_par' dir='ltr' id='par_1_9' title="bbox 193 1133 971 1214">
     <span class='ocr_line' id='line_1_10' title="bbox 193 1133 971 1214; baseline 0.003 -20"><span class='ocrx_word' id='word_1_33' title='bbox 193 1133 330 1196; x_wconf 84' lang='lat' dir='ltr'>Fulmina</span> <span class='ocrx_word' id='word_1_34' title='bbox 345 1134 400 1196; x_wconf 85' lang='lat' dir='ltr'>snb</span> <span class='ocrx_word' id='word_1_35' title='bbox 415 1133 483 1196; x_wconf 88' lang='lat' dir='ltr'>Iove</span> <span class='ocrx_word' id='word_1_36' title='bbox 498 1141 577 1208; x_wconf 77' lang='lat' dir='ltr'>sunt,</span> <span class='ocrx_word' id='word_1_37' title='bbox 592 1133 723 1214; x_wconf 76' lang='lat' dir='ltr'>Neptuni</span> <span class='ocrx_word' id='word_1_38' title='bbox 739 1135 854 1196; x_wconf 77' lang='lat' dir='ltr'>suueuia</span> <span class='ocrx_word' id='word_1_39' title='bbox 869 1135 971 1210; x_wconf 89' lang='lat' dir='ltr'>telum,</span> 
     </span>
    </p>

    <p class='ocr_par' dir='ltr' id='par_1_10' title="bbox 193 1217 990 1384">
     <span class='ocr_line' id='line_1_11' title="bbox 241 1217 990 1298; baseline 0.001 -17"><span class='ocrx_word' id='word_1_40' title='bbox 241 1237 312 1281; x_wconf 86' lang='lat' dir='ltr'>ense</span> <span class='ocrx_word' id='word_1_41' title='bbox 327 1226 436 1298; x_wconf 85' lang='lat' dir='ltr'>potens</span> <span class='ocrx_word' id='word_1_42' title='bbox 450 1218 527 1279; x_wconf 83' lang='lat' dir='ltr'>Mars</span> <span class='ocrx_word' id='word_1_43' title='bbox 542 1226 596 1293; x_wconf 90' lang='lat' dir='ltr'>est,</span> <span class='ocrx_word' id='word_1_44' title='bbox 610 1217 701 1292; x_wconf 84' lang='lat' dir='ltr'>hasta,</span> <span class='ocrx_word' id='word_1_45' title='bbox 717 1217 856 1295; x_wconf 83' lang='lat' dir='ltr'>Minerva,</span> <span class='ocrx_word' id='word_1_46' title='bbox 872 1225 922 1281; x_wconf 88' lang='lat' dir='ltr'>tua</span> <span class='ocrx_word' id='word_1_47' title='bbox 937 1228 990 1294; x_wconf 89' lang='lat' dir='ltr'>est,</span> 
     </span>
     <span class='ocr_line' id='line_1_12' title="bbox 193 1302 866 1384; baseline 0.001 -19"><span class='ocrx_word' id='word_1_48' title='bbox 193 1302 331 1366; x_wconf 85' lang='lat' dir='ltr'>sutilibus</span> <span class='ocrx_word' id='word_1_49' title='bbox 345 1303 436 1364; x_wconf 90' lang='lat' dir='ltr'>Liber</span> <span class='ocrx_word' id='word_1_50' title='bbox 450 1303 607 1364; x_wconf 89' lang='lat' dir='ltr'>committit</span> <span class='ocrx_word' id='word_1_51' title='bbox 621 1302 734 1384; x_wconf 88' lang='lat' dir='ltr'>proelia</span> <span class='ocrx_word' id='word_1_52' title='bbox 748 1302 866 1383; x_wconf 77' lang='lat' dir='ltr'>thyrsis,</span> 
     </span>
    </p>

    <p class='ocr_par' dir='ltr' id='par_1_11' title="bbox 194 1387 883 1535">
     <span class='ocr_line' id='line_1_13' title="bbox 241 1387 841 1467; baseline 0.003 -19"><span class='ocrx_word' id='word_1_53' title='bbox 241 1389 337 1450; x_wconf 86' lang='lat' dir='ltr'>lertnr</span> <span class='ocrx_word' id='word_1_54' title='bbox 351 1387 505 1467; x_wconf 81' lang='lat' dir='ltr'>Apollinea</span> <span class='ocrx_word' id='word_1_55' title='bbox 518 1388 607 1449; x_wconf 88' lang='lat' dir='ltr'>missa</span> <span class='ocrx_word' id='word_1_56' title='bbox 622 1387 726 1466; x_wconf 81' lang='lat' dir='ltr'>sagitta</span> <span class='ocrx_word' id='word_1_57' title='bbox 741 1405 841 1465; x_wconf 86' lang='lat' dir='ltr'>manu,</span> 
     </span>
     <span class='ocr_line' id='line_1_14' title="bbox 194 1471 883 1535; baseline 0.004 -3"><span class='ocrx_word' id='word_1_58' title='bbox 194 1471 331 1535; x_wconf 86' lang='lat' dir='ltr'>Herculis</span> <span class='ocrx_word' id='word_1_59' title='bbox 347 1480 458 1533; x_wconf 86' lang='lat' dir='ltr'>armata</span> <span class='ocrx_word' id='word_1_60' title='bbox 472 1480 517 1534; x_wconf 89' lang='lat' dir='ltr'>est</span> <span class='ocrx_word' id='word_1_61' title='bbox 531 1473 640 1534; x_wconf 79' lang='lat' dir='ltr'>invicta</span> <span class='ocrx_word' id='word_1_62' title='bbox 654 1472 773 1533; x_wconf 84' lang='lat' dir='ltr'>dextera</span> <span class='ocrx_word' id='word_1_63' title='bbox 788 1473 883 1535; x_wconf 84' lang='lat' dir='ltr'>clave:</span> 
     </span>
    </p>

    <p class='ocr_par' dir='ltr' id='par_1_12' title="bbox 241 1557 848 1620">
     <span class='ocr_line' id='line_1_15' title="bbox 241 1557 848 1620; baseline 0 -2"><span class='ocrx_word' id='word_1_64' title='bbox 241 1567 271 1619; x_wconf 88' lang='lat' dir='ltr'>at</span> <span class='ocrx_word' id='word_1_65' title='bbox 285 1575 332 1618; x_wconf 90' lang='lat' dir='ltr'>me</span> <span class='ocrx_word' id='word_1_66' title='bbox 348 1557 511 1619; x_wconf 75' lang='lat' dir='ltr'>terribilem</span> <span class='ocrx_word' id='word_1_67' title='bbox 527 1557 659 1619; x_wconf 89' lang='lat' dir='ltr'>mentula</span> <span class='ocrx_word' id='word_1_68' title='bbox 673 1564 755 1618; x_wconf 86' lang='lat' dir='ltr'>tenta</span> <span class='ocrx_word' id='word_1_69' title='bbox 770 1559 848 1620; x_wconf 84' lang='lat' dir='ltr'>lacit.</span> 
     </span>
    </p>
   </div>
   <div class='ocr_carea' id='block_1_6' title="bbox 593 1707 659 1769">
    <p class='ocr_par' dir='ltr' id='par_1_13' title="bbox 593 1707 659 1769">
     <span class='ocr_line' id='line_1_16' title="bbox 593 1707 659 1769; baseline 0 0"><span class='ocrx_word' id='word_1_70' title='bbox 593 1707 659 1769; x_wconf 89' lang='lat' dir='ltr'>XXI</span> 
     </span>
    </p>
   </div>
   <div class='ocr_carea' id='block_1_7' title="bbox 197 1810 944 2128">
    <p class='ocr_par' dir='ltr' id='par_1_14' title="bbox 197 1810 836 1976">
     <span class='ocr_line' id='line_1_17' title="bbox 197 1810 836 1892; baseline 0.002 -21"><span class='ocrx_word' id='word_1_71' title='bbox 197 1810 287 1889; x_wconf 88' lang='lat' dir='ltr'>Copia</span> <span class='ocrx_word' id='word_1_72' title='bbox 301 1827 349 1871; x_wconf 90' lang='lat' dir='ltr'>me</span> <span class='ocrx_word' id='word_1_73' title='bbox 364 1810 474 1888; x_wconf 88' lang='lat' dir='ltr'>perdit:</span> <span class='ocrx_word' id='word_1_74' title='bbox 490 1817 523 1871; x_wconf 88' lang='lat' dir='ltr'>tu</span> <span class='ocrx_word' id='word_1_75' title='bbox 537 1811 700 1892; x_wconf 76' lang='lat' dir='ltr'>suffragare</span> <span class='ocrx_word' id='word_1_76' title='bbox 715 1819 836 1890; x_wconf 80' lang='lat' dir='ltr'>rugatus</span> 
     </span>
     <span class='ocr_line' id='line_1_18' title="bbox 244 1893 815 1976; baseline 0.002 -21"><span class='ocrx_word' id='word_1_77' title='bbox 244 1893 354 1955; x_wconf 87' lang='lat' dir='ltr'>indicio</span> <span class='ocrx_word' id='word_1_78' title='bbox 370 1912 426 1955; x_wconf 90' lang='lat' dir='ltr'>nec</span> <span class='ocrx_word' id='word_1_79' title='bbox 440 1913 487 1956; x_wconf 90' lang='lat' dir='ltr'>me</span> <span class='ocrx_word' id='word_1_80' title='bbox 503 1896 606 1975; x_wconf 86' lang='lat' dir='ltr'>prode,</span> <span class='ocrx_word' id='word_1_81' title='bbox 622 1895 738 1976; x_wconf 85' lang='lat' dir='ltr'>Priape,</span> <span class='ocrx_word' id='word_1_82' title='bbox 753 1904 815 1971; x_wconf 88' lang='lat' dir='ltr'>tuo,</span> 
     </span>
    </p>

    <p class='ocr_par' dir='ltr' id='par_1_15' title="bbox 199 1978 944 2128">
     <span class='ocr_line' id='line_1_19' title="bbox 199 1978 944 2061; baseline 0.003 -21"><span class='ocrx_word' id='word_1_83' title='bbox 199 1997 334 2059; x_wconf 88' lang='lat' dir='ltr'>quaeque</span> <span class='ocrx_word' id='word_1_84' title='bbox 349 1978 403 2039; x_wconf 89' lang='lat' dir='ltr'>tibi</span> <span class='ocrx_word' id='word_1_85' title='bbox 418 1980 504 2058; x_wconf 87' lang='lat' dir='ltr'>posui</span> <span class='ocrx_word' id='word_1_86' title='bbox 518 1987 661 2060; x_wconf 84' lang='lat' dir='ltr'>tanquam</span> <span class='ocrx_word' id='word_1_87' title='bbox 675 1980 832 2043; x_wconf 86' lang='lat' dir='ltr'>vernacula</span> <span class='ocrx_word' id='word_1_88' title='bbox 846 1997 944 2061; x_wconf 86' lang='lat' dir='ltr'>ponta,</span> 
     </span>
     <span class='ocr_line' id='line_1_20' title="bbox 244 2063 740 2128; baseline 0.002 -3"><span class='ocrx_word' id='word_1_89' title='bbox 244 2063 281 2126; x_wconf 87' lang='lat' dir='ltr'>de</span> <span class='ocrx_word' id='word_1_90' title='bbox 296 2081 379 2125; x_wconf 85' lang='lat' dir='ltr'>sacra</span> <span class='ocrx_word' id='word_1_91' title='bbox 395 2064 468 2125; x_wconf 92' lang='lat' dir='ltr'>nulli</span> <span class='ocrx_word' id='word_1_92' title='bbox 483 2063 592 2127; x_wconf 83' lang='lat' dir='ltr'>dixeris</span> <span class='ocrx_word' id='word_1_93' title='bbox 607 2085 671 2128; x_wconf 91' lang='lat' dir='ltr'>esse</span> <span class='ocrx_word' id='word_1_94' title='bbox 686 2067 740 2127; x_wconf 88' lang='lat' dir='ltr'>via.</span> 
     </span>
    </p>
   </div>
   <div class='ocr_carea' id='block_1_8' title="bbox 588 2217 668 2278">
    <p class='ocr_par' dir='ltr' id='par_1_16' title="bbox 588 2217 668 2278">
     <span class='ocr_line' id='line_1_21' title="bbox 588 2217 668 2278; baseline 0 0"><span class='ocrx_word' id='word_1_95' title='bbox 588 2217 668 2278; x_wconf 93' lang='lat' dir='ltr'>XXII</span> 
     </span>
    </p>
   </div>
   <div class='ocr_carea' id='block_1_9' title="bbox 196 2316 978 2492">
    <p class='ocr_par' dir='ltr' id='par_1_17' title="bbox 196 2316 978 2492">
     <span class='ocr_line' id='line_1_22' title="bbox 196 2316 902 2399; baseline 0.007 -23"><span class='ocrx_word' id='word_1_96' title='bbox 196 2316 319 2378; x_wconf 84' lang='lat' dir='ltr'>Femina</span> <span class='ocrx_word' id='word_1_97' title='bbox 334 2316 359 2378; x_wconf 87' lang='lat' dir='ltr'>si</span> <span class='ocrx_word' id='word_1_98' title='bbox 374 2317 485 2378; x_wconf 88' lang='lat' dir='ltr'>lurtum</span> <span class='ocrx_word' id='word_1_99' title='bbox 502 2316 588 2378; x_wconf 82' lang='lat' dir='ltr'>saciet</span> <span class='ocrx_word' id='word_1_100' title='bbox 602 2318 673 2379; x_wconf 91' lang='lat' dir='ltr'>mibi</span> <span class='ocrx_word' id='word_1_101' title='bbox 688 2319 767 2379; x_wconf 85' lang='lat' dir='ltr'>virve</span> <span class='ocrx_word' id='word_1_102' title='bbox 782 2337 902 2399; x_wconf 86' lang='lat' dir='ltr'>puerve,</span> 
     </span>
     <span class='ocr_line' id='line_1_23' title="bbox 242 2400 978 2492; baseline 0.003 -31"><span class='ocrx_word' id='word_1_103' title='bbox 242 2400 316 2462; x_wconf 91' lang='lat' dir='ltr'>haec</span> <span class='ocrx_word' id='word_1_104' title='bbox 331 2419 474 2478; x_wconf 87' lang='lat' dir='ltr'>cunnum,</span> <span class='ocrx_word' id='word_1_105' title='bbox 491 2410 580 2482; x_wconf 87' lang='lat' dir='ltr'>capnt</span> <span class='ocrx_word' id='word_1_106' title='bbox 593 2403 642 2463; x_wconf 93' lang='lat' dir='ltr'>hic</span> <span class='ocrx_word' id='word_1_107' title='bbox 657 2403 807 2492; x_wconf 84' lang='lat' dir='ltr'>praebeat,</span> <span class='ocrx_word' id='word_1_108' title='bbox 823 2403 871 2466; x_wconf 93' lang='lat' dir='ltr'>ille</span> <span class='ocrx_word' id='word_1_109' title='bbox 887 2412 978 2465; x_wconf 84' lang='lat' dir='ltr'>nates.</span> 
     </span>
    </p>
   </div>
   <div class='ocr_carea' id='block_1_10' title="bbox 582 2553 757 2616">
    <p class='ocr_par' dir='ltr' id='par_1_18' title="bbox 582 2553 757 2616">
     <span class='ocr_line' id='line_1_24' title="bbox 582 2553 757 2616; baseline 0 -2"><span class='ocrx_word' id='word_1_110' title='bbox 582 2553 677 2616; x_wconf 91' lang='lat' dir='ltr'>XXIII</span> <span class='ocrx_word' id='word_1_111' title='bbox 750 2597 757 2614; x_wconf 80' lang='lat'>.</span> 
     </span>
    </p>
   </div>
   <div class='ocr_carea' id='block_1_11' title="bbox 198 2653 825 3158">
    <p class='ocr_par' dir='ltr' id='par_1_19' title="bbox 198 2653 825 2906">
     <span class='ocr_line' id='line_1_25' title="bbox 198 2653 825 2739; baseline 0.006 -25"><span class='ocrx_word' id='word_1_112' title='bbox 198 2653 377 2732; x_wconf 83' lang='lat' dir='ltr'>Quicunque</span> <span class='ocrx_word' id='word_1_113' title='bbox 391 2653 439 2715; x_wconf 86' lang='lat' dir='ltr'>hic</span> <span class='ocrx_word' id='word_1_114' title='bbox 454 2655 559 2716; x_wconf 90' lang='lat' dir='ltr'>violam</span> <span class='ocrx_word' id='word_1_115' title='bbox 575 2674 707 2718; x_wconf 84' lang='lat' dir='ltr'>rosamve</span> <span class='ocrx_word' id='word_1_116' title='bbox 723 2665 825 2739; x_wconf 88' lang='lat' dir='ltr'>carpet</span> 
     </span>
     <span class='ocr_line' id='line_1_26' title="bbox 199 2737 801 2824; baseline 0.008 -26"><span class='ocrx_word' id='word_1_117' title='bbox 199 2737 375 2800; x_wconf 83' lang='lat' dir='ltr'>furtivumve</span> <span class='ocrx_word' id='word_1_118' title='bbox 389 2739 477 2801; x_wconf 87' lang='lat' dir='ltr'>holus</span> <span class='ocrx_word' id='word_1_119' title='bbox 492 2748 543 2802; x_wconf 87' lang='lat' dir='ltr'>aut</span> <span class='ocrx_word' id='word_1_120' title='bbox 558 2739 689 2821; x_wconf 86' lang='lat' dir='ltr'>iuempta</span> <span class='ocrx_word' id='word_1_121' title='bbox 703 2761 801 2824; x_wconf 88' lang='lat' dir='ltr'>poma,</span> 
     </span>
     <span class='ocr_line' id='line_1_27' title="bbox 199 2823 683 2906; baseline 0.012 -24"><span class='ocrx_word' id='word_1_122' title='bbox 199 2823 331 2885; x_wconf 88' lang='lat' dir='ltr'>delectus</span> <span class='ocrx_word' id='word_1_123' title='bbox 345 2842 500 2904; x_wconf 87' lang='lat' dir='ltr'>pueroque</span> <span class='ocrx_word' id='word_1_124' title='bbox 515 2826 683 2906; x_wconf 83' lang='lat' dir='ltr'>feminaque</span> 
     </span>
    </p>

    <p class='ocr_par' dir='ltr' id='par_1_20' title="bbox 199 2907 812 3158">
     <span class='ocr_line' id='line_1_28' title="bbox 200 2907 768 2988; baseline 0.007 -20"><span class='ocrx_word' id='word_1_125' title='bbox 200 2907 256 2968; x_wconf 88' lang='lat' dir='ltr'>bac</span> <span class='ocrx_word' id='word_1_126' title='bbox 271 2908 426 2986; x_wconf 79' lang='lat' dir='ltr'>tentigine,</span> <span class='ocrx_word' id='word_1_127' title='bbox 443 2927 530 2988; x_wconf 90' lang='lat' dir='ltr'>quam</span> <span class='ocrx_word' id='word_1_128' title='bbox 547 2911 650 2974; x_wconf 89' lang='lat' dir='ltr'>videtis</span> <span class='ocrx_word' id='word_1_129' title='bbox 665 2913 695 2972; x_wconf 92' lang='lat' dir='ltr'>in</span> <span class='ocrx_word' id='word_1_130' title='bbox 710 2930 768 2986; x_wconf 92' lang='lat' dir='ltr'>me,</span> 
     </span>
     <span class='ocr_line' id='line_1_29' title="bbox 199 2995 812 3075; baseline 0.007 -23"><span class='ocrx_word' id='word_1_131' title='bbox 199 3000 364 3072; x_wconf 89' lang='lat' dir='ltr'>rumpatur,</span> <span class='ocrx_word' id='word_1_132' title='bbox 379 3011 496 3073; x_wconf 87' lang='lat' dir='ltr'>precor,</span> <span class='ocrx_word' id='word_1_133' title='bbox 512 3013 607 3074; x_wconf 91' lang='lat' dir='ltr'>usque</span> <span class='ocrx_word' id='word_1_134' title='bbox 622 2995 812 3075; x_wconf 87' lang='lat' dir='ltr'>mentulaque</span> 
     </span>
     <span class='ocr_line' id='line_1_30' title="bbox 199 3077 762 3158; baseline 0.005 -21"><span class='ocrx_word' id='word_1_135' title='bbox 199 3077 380 3156; x_wconf 80' lang='lat' dir='ltr'>neqquuam</span> <span class='ocrx_word' id='word_1_136' title='bbox 395 3078 452 3140; x_wconf 90' lang='lat' dir='ltr'>sibi</span> <span class='ocrx_word' id='word_1_137' title='bbox 467 3079 565 3158; x_wconf 89' lang='lat' dir='ltr'>pulset</span> <span class='ocrx_word' id='word_1_138' title='bbox 580 3078 762 3141; x_wconf 81' lang='lat' dir='ltr'>umbilicum.</span> 
     </span>
    </p>
   </div>
   <div class='ocr_carea' id='block_1_12' title="bbox 573 3229 680 3292">
    <p class='ocr_par' dir='ltr' id='par_1_21' title="bbox 573 3229 680 3292">
     <span class='ocr_line' id='line_1_31' title="bbox 573 3229 680 3292; baseline 0.009 -1"><span class='ocrx_word' id='word_1_139' title='bbox 573 3229 680 3292; x_wconf 93' lang='lat' dir='ltr'>XXIIII</span> 
     </span>
    </p>
   </div>
   <div class='ocr_carea' id='block_1_13' title="bbox 199 3326 1047 3670">
    <p class='ocr_par' dir='ltr' id='par_1_22' title="bbox 199 3326 830 3480">
     <span class='ocr_line' id='line_1_32' title="bbox 199 3326 830 3395; baseline 0.006 -7"><span class='ocrx_word' id='word_1_140' title='bbox 199 3326 256 3389; x_wconf 89' lang='lat' dir='ltr'>llic</span> <span class='ocrx_word' id='word_1_141' title='bbox 270 3345 317 3390; x_wconf 89' lang='lat' dir='ltr'>me</span> <span class='ocrx_word' id='word_1_142' title='bbox 333 3331 485 3393; x_wconf 85' lang='lat' dir='ltr'>custodem</span> <span class='ocrx_word' id='word_1_143' title='bbox 501 3333 620 3395; x_wconf 83' lang='lat' dir='ltr'>fecundi</span> <span class='ocrx_word' id='word_1_144' title='bbox 634 3333 737 3395; x_wconf 91' lang='lat' dir='ltr'>vilicus</span> <span class='ocrx_word' id='word_1_145' title='bbox 750 3331 830 3394; x_wconf 86' lang='lat' dir='ltr'>horti</span> 
     </span>
     <span class='ocr_line' id='line_1_33' title="bbox 246 3414 799 3480; baseline 0.007 -6"><span class='ocrx_word' id='word_1_146' title='bbox 246 3414 375 3476; x_wconf 87' lang='lat' dir='ltr'>mandati</span> <span class='ocrx_word' id='word_1_147' title='bbox 390 3434 494 3478; x_wconf 87' lang='lat' dir='ltr'>curam</span> <span class='ocrx_word' id='word_1_148' title='bbox 508 3417 593 3480; x_wconf 91' lang='lat' dir='ltr'>iussit</span> <span class='ocrx_word' id='word_1_149' title='bbox 607 3416 717 3480; x_wconf 83' lang='lat' dir='ltr'>habere</span> <span class='ocrx_word' id='word_1_150' title='bbox 726 3417 799 3480; x_wconf 81' lang='lat' dir='ltr'>&#39;loci</span> 
     </span>
    </p>

    <p class='ocr_par' dir='ltr' id='par_1_23' title="bbox 200 3497 1047 3670">
     <span class='ocr_line' id='line_1_34' title="bbox 200 3497 965 3586; baseline 0.005 -29"><span class='ocrx_word' id='word_1_151' title='bbox 200 3498 250 3558; x_wconf 91' lang='lat' dir='ltr'>lur</span> <span class='ocrx_word' id='word_1_152' title='bbox 263 3497 371 3562; x_wconf 87' lang='lat' dir='ltr'>babeas</span> <span class='ocrx_word' id='word_1_153' title='bbox 386 3519 523 3581; x_wconf 86' lang='lat' dir='ltr'>poenam,</span> <span class='ocrx_word' id='word_1_154' title='bbox 539 3502 611 3565; x_wconf 90' lang='lat' dir='ltr'>licet</span> <span class='ocrx_word' id='word_1_155' title='bbox 622 3503 778 3586; x_wconf 82' lang='lat' dir='ltr'>indignere</span> <span class='ocrx_word' id='word_1_156' title='bbox 794 3499 965 3579; x_wconf 83' lang='lat' dir='ltr'>‘ferum’que</span> 
     </span>
     <span class='ocr_line' id='line_1_35' title="bbox 248 3583 1047 3670; baseline 0.001 -26"><span class='ocrx_word' id='word_1_157' title='bbox 248 3587 383 3665; x_wconf 85' lang='lat' dir='ltr'>‘propter</span> <span class='ocrx_word' id='word_1_158' title='bbox 397 3585 494 3648; x_wconf 88' lang='lat' dir='ltr'>bolus&#39;</span> <span class='ocrx_word' id='word_1_159' title='bbox 510 3587 590 3650; x_wconf 88' lang='lat' dir='ltr'>dicus</span> <span class='ocrx_word' id='word_1_160' title='bbox 605 3589 672 3650; x_wconf 88' lang='lat' dir='ltr'>‘hoc</span> <span class='ocrx_word' id='word_1_161' title='bbox 688 3586 776 3670; x_wconf 78' lang='lat' dir='ltr'>egol’</span> <span class='ocrx_word' id='word_1_162' title='bbox 792 3590 927 3669; x_wconf 89' lang='lat' dir='ltr'>‘propter</span> <span class='ocrx_word' id='word_1_163' title='bbox 941 3583 1047 3646; x_wconf 89' lang='lat' dir='ltr'>holus’.</span> 
     </span>
    </p>
   </div>
   <div class='ocr_carea' id='block_1_14' title="bbox 94 3782 1168 3923">
    <p class='ocr_par' dir='ltr' id='par_1_24' title="bbox 94 3782 1168 3923">
     <span class='ocr_line' id='line_1_36' title="bbox 179 3782 1168 3855; baseline -0.002 -20"><span class='ocrx_word' id='word_1_164' title='bbox 179 3782 269 3836; x_wconf 86' lang='lat' dir='ltr'>XVIIII</span> <span class='ocrx_word' id='word_1_165' title='bbox 287 3787 300 3837; x_wconf 89' lang='lat'>1</span> <span class='ocrx_word' id='word_1_166' title='bbox 321 3785 454 3854; x_wconf 80' lang='lat' dir='ltr'>ecquando</span> <span class='ocrx_word' id='word_1_167' title='bbox 473 3787 615 3855; x_wconf 72' lang='lat' dir='ltr'>Scaliger}</span> <span class='ocrx_word' id='word_1_168' title='bbox 636 3789 651 3841; x_wconf 81' lang='lat'><strong>3</strong></span> <span class='ocrx_word' id='word_1_169' title='bbox 669 3789 750 3841; x_wconf 80' lang='lat' dir='ltr'>satim</span> <span class='ocrx_word' id='word_1_170' title='bbox 768 3787 897 3854; x_wconf 84' lang='lat' dir='ltr'>altiusque</span> <span class='ocrx_word' id='word_1_171' title='bbox 914 3783 1022 3848; x_wconf 83' lang='lat' dir='ltr'>morell</span> <span class='ocrx_word' id='word_1_172' title='bbox 1044 3787 1059 3838; x_wconf 80' lang='lat' dir='ltr'>b</span> <span class='ocrx_word' id='word_1_173' title='bbox 1081 3783 1129 3836; x_wconf 86' lang='lat' dir='ltr'>bec</span> <span class='ocrx_word' id='word_1_174' title='bbox 1146 3782 1168 3836; x_wconf 83' lang='lat' dir='ltr'>si</span> 
     </span>
     <span class='ocr_line' id='line_1_37' title="bbox 94 3851 1168 3923; baseline -0.001 -19"><span class='ocrx_word' id='word_1_175' title='bbox 94 3855 143 3904; x_wconf 77' lang='lat' dir='ltr'>nul</span> <span class='ocrx_word' id='word_1_176' title='bbox 160 3855 267 3906; x_wconf 72' lang='lat' dir='ltr'>tantm</span> <span class='ocrx_word' id='word_1_177' title='bbox 284 3853 322 3908; x_wconf 85' lang='lat' dir='ltr'>sic</span> <span class='ocrx_word' id='word_1_178' title='bbox 336 3852 415 3906; x_wconf 76' lang='lat' dir='ltr'>libri:</span> <span class='ocrx_word' id='word_1_179' title='bbox 431 3856 469 3910; x_wconf 81' lang='lat' dir='ltr'>sic</span> <span class='ocrx_word' id='word_1_180' title='bbox 486 3859 515 3910; x_wconf 88' lang='lat' dir='ltr'>ut</span> <span class='ocrx_word' id='word_1_181' title='bbox 531 3856 612 3922; x_wconf 61' lang='lat' dir='ltr'>unqu</span> <span class='ocrx_word' id='word_1_182' title='bbox 625 3854 730 3923; x_wconf 80' lang='lat' dir='ltr'>qxxtt</span> <span class='ocrx_word' id='word_1_183' title='bbox 748 3870 796 3911; x_wconf 84' lang='lat' dir='ltr'>uec</span> <span class='ocrx_word' id='word_1_184' title='bbox 813 3868 861 3908; x_wconf 81' lang='lat' dir='ltr'>nes</span> <span class='ocrx_word' id='word_1_185' title='bbox 880 3854 931 3908; x_wconf 68' lang='lat' dir='ltr'>atta·</span> <span class='ocrx_word' id='word_1_186' title='bbox 942 3851 954 3923; x_wconf 93' lang='grc' dir='ltr'>Ι</span> <span class='ocrx_word' id='word_1_187' title='bbox 964 3851 1058 3906; x_wconf 85' lang='lat' dir='ltr'>XXIII</span> <span class='ocrx_word' id='word_1_188' title='bbox 1077 3851 1168 3918; x_wconf 87' lang='lat' dir='ltr'>virque</span> 
     </span>
    </p>
   </div>
   <div class='ocr_carea' id='block_1_15' title="bbox 92 3933 207 3987">
    <p class='ocr_par' dir='ltr' id='par_1_25' title="bbox 92 3933 207 3987">
     <span class='ocr_line' id='line_1_38' title="bbox 92 3933 207 3987; baseline 0.017 -16"><span class='ocrx_word' id='word_1_189' title='bbox 92 3933 207 3987; x_wconf 83' lang='lat' dir='ltr'>puerque</span> 
     </span>
    </p>
   </div>
   <div class='ocr_carea' id='block_1_16' title="bbox 0 0 1413 4480">
    <p class='ocr_par' dir='ltr' id='par_1_26' title="bbox 0 0 1413 4480">
     <span class='ocr_line' id='line_1_39' title="bbox 0 0 1413 4480; baseline 0 0"><span class='ocrx_word' id='word_1_190' title='bbox 0 0 1413 4480; x_wconf 95' lang='lat' dir='ltr'> </span> 
     </span>
    </p>
   </div>
  </div>
 </body>
</html>
