2780 4480
217 176 282 237 104
678 175 831 230 ΡΕΤΒΟΝΠ

217 351 291 414 lium
310 351 450 430 exposui,
474 358 505 410 et
524 368 563 410 ne
584 349 693 412 liunus
714 348 806 411 tristis
829 355 921 422 esset,
942 346 1333 428 iacturaepensetioncml

218 451 355 498 anserem
369 435 473 498 obtuli.
509 453 597 514 qoem
616 431 621 515 Ι
640 451 716 496 anus
730 441 764 495 ut
777 433 858 506 vidit,
880 441 939 494 tam
961 449 1102 510 magnum
1125 449 1220 510 aeque
1235 433 1297 494 ola·
1315 437 1350 488 lo

217 539 333 584 morem
347 521 481 594 sustulit,
503 528 539 581 ut
552 527 673 599 putares
688 519 794 580 iterum
811 535 932 580 anseres
947 517 1037 580 limen
1054 517 1190 580 intrasse.
1219 536 1299 580 con·

218 607 303 669 binus
317 607 416 685 itaque
430 613 462 667 et
476 604 606 669 novitate
620 603 761 666 facinoris
772 602 917 666 attomtus
939 601 1133 681 quaerebam,
1156 603 1227 680 qnid
1244 621 1298 666 es·

134 689 196 754 137
220 690 403 766 eanduisset,
426 698 476 751 aut
498 706 588 768 quare
610 689 724 751 anseris
738 688 838 768 potius
853 705 944 766 mam
955 687 1012 748 mei
1027 687 1230 750 misereretur.
1270 697 1329 749 att

220 777 268 838 illa
284 775 444 856 complosis
458 773 596 836 manibus
612 772 773 836 ‘scelerato'
788 773 886 852 inquit
900 773 1000 834 ‘etiam
1013 769 1168 852 loqueris?
1198 773 1299 837 neseis

220 879 308 941 quam
325 877 466 939 magnum
481 860 624 938 flagitium
639 858 806 920 admiseris:
830 858 963 920 occidisti
977 856 1076 938 Priapi
1091 857 1227 932 delicias,
1243 877 1300 922 an·

220 962 317 1008 serem
333 944 473 1006 omnibus
483 945 628 1006 matronis
644 943 889 1022 acceptissimum.
918 943 1016 1021 itaque
1028 961 1068 1004 ne
1079 951 1108 1004 te
1119 950 1208 1022 putes
1222 944 1301 1006 nibil

221 1029 325 1110 agisse,
340 1030 365 1092 si
379 1029 568 1109 magistratus
582 1030 642 1090 boc
656 1028 788 1103 scierint,
804 1029 860 1090 ibis
874 1028 904 1090 in
922 1045 1050 1090 erucem.
1079 1027 1213 1107 polluisti
1227 1047 1300 1091 sen-

220 1115 311 1195 guine
333 1114 515 1176 domicilium
536 1131 635 1176 meum
658 1122 727 1175 ante
741 1114 822 1175 huno
834 1113 916 1176 diem
930 1112 1116 1187 inuiolatum,
1139 1113 1301 1192 fecistique
1317 1118 1341 1168 tt

220 1209 254 1262 ut
267 1217 325 1273 me,
340 1199 475 1279 quisquis
488 1199 614 1261 voluerit
628 1198 775 1273 inimicus,
790 1199 955 1261 sacerdotio
969 1197 1066 1277 pollat’
1184 1207 1186 1212 '

749 1304 766 1342 s:

303 1365 308 1447 Ι
328 1365 558 1448 ὟοςοἺηᾳιιαιι]
583 1368 654 1430 ‘noli
670 1369 811 1430 clamare:
834 1367 957 1447 egotibi
972 1385 1028 1447 pro
1043 1385 1150 1430 ansere
1164 1368 1300 1430 strutho-
1316 1367 1335 1417 [ι

221 1453 367 1516 camelum
380 1453 509 1516 reddam'

750 1540 769 1575 st

307 1623 379 1684 dum
401 1623 473 1684 haec
496 1641 544 1684 me
566 1631 705 1704 stupente
726 1622 757 1684 in
780 1621 889 1683 lectulo
912 1621 994 1682 mdet
1016 1621 1191 1700 anserisque
1205 1622 1300 1685 latum

226 1708 408 1788 complorat,
430 1708 550 1769 interim
565 1707 744 1769 Proselenos
759 1724 828 1768 enm
841 1706 978 1786 impensa
993 1706 1129 1768 sacrificii
1143 1707 1240 1782 venit,
1257 1707 1300 1767 vi·
1318 1709 1341 1758 15

223 1810 316 1871 soque
332 1810 438 1854 ansero
460 1792 558 1854 occiso
580 1793 726 1872 sciscitata
749 1809 867 1854 causam
889 1791 1026 1854 tristitiae
1040 1791 1147 1870 etipsa
1162 1791 1235 1853 llere
1249 1811 1299 1853 ve·

222 1877 393 1938 hementius
408 1876 507 1956 coepit
520 1876 638 1955 meique
652 1876 802 1950 misereri,
817 1884 958 1955 unquam
973 1885 1088 1956 patrem
1103 1893 1220 1952 meum,
1237 1895 1301 1937 non

224 1959 378 2040 publicum
402 1965 554 2035 anserem,
580 1960 764 2024 occidissem.
800 1961 1019 2039 itaquetaedio
1045 1961 1182 2041 inligatus
1204 1961 1300 2041 ‘rogo’

224 2045 346 2123 inquam
362 2044 490 2124 ‘expiare
504 2063 610 2108 manus
624 2045 722 2125 pretio
735 2045 822 2108 liceat
861 2082 863 2091 ·

224 2129 249 2192 si
271 2148 324 2191 vos
345 2146 566 2209 provocassem,
590 2130 677 2192 etiam
699 2130 724 2192 si
746 2129 936 2191 homicidium
957 2130 1102 2192 iecissem.
1140 2149 1209 2192 ecce
1225 2131 1300 2194 duos
1315 2132 1339 2181 ²]

224 2231 331 2277 aureos
346 2232 442 2295 pono,
464 2215 545 2276 unde
559 2216 678 2295 possitis
700 2225 730 2277 ot
743 2216 816 2278 deos
838 2223 867 2276 ot
881 2233 1000 2278 anseres
1014 2215 1143 2292 emera’..
1169 2234 1245 2295 quos
1268 2225 1301 2278 ut

223 2300 294 2361 vidit
317 2299 485 2374 Oenothea,
510 2301 651 2381 ‘ignosce’
672 2301 771 2381 inquit
793 2301 992 2376 ‘adulescens,
1014 2300 1139 2363 sollicita
1160 2317 1227 2364 sum
1249 2311 1300 2363 tua

225 2400 322 2448 causa.
355 2385 464 2447 amoris
486 2394 533 2448 ast
552 2387 610 2448 hoe
632 2393 855 2466 argumentum,
879 2395 940 2447 non
963 2386 1162 2465 malignitatis.
1199 2387 1301 2466 itaque

225 2469 361 2533 dabimus
376 2487 512 2550 operam,
529 2487 568 2532 ne
582 2472 651 2550 ouis
665 2472 746 2534 sciat.
776 2479 810 2532 tu
822 2471 914 2532 modo
928 2470 999 2533 deos
1014 2487 1100 2551 roga,
1116 2479 1150 2532 ut
1165 2471 1206 2533 illi
1221 2473 1300 2534 tacto

224 2564 277 2617 tuo
293 2554 467 2633 ignoscant'.
677 2581 681 2586 ’
924 2595 926 2603 ι
1074 2595 1075 2600 κ

251 2674 254 2682 ·
307 2637 312 2720 Ι
332 2639 466 2719 quisquis
480 2637 571 2699 habet
584 2657 736 2714 nummos,
746 2657 852 2701 secura
866 2640 983 2719 navigat
997 2659 1070 2704 aura

353 2723 563 2802 fortunamque
578 2742 633 2785 suo
648 2731 794 2804 temperat
809 2723 941 2786 arbitrio.

309 2825 436 2870 uxorem
451 2807 538 2869 ducat
552 2807 673 2870 Danaen
689 2809 846 2888 ipsumque
862 2810 962 2873 licebit
978 2823 983 2837 ·
1083 2827 1087 2843 ·

352 2892 500 2955 Acrisium
513 2893 614 2955 iubeat
628 2895 750 2956 credere
764 2896 845 2974 quod
860 2895 992 2958 Danaen.
1048 2937 1053 2944 ,

312 2978 442 3044 cumina
457 2987 625 3059 componat,
640 2979 793 3055 declamet,
808 2989 972 3059 concrepet
986 2996 1090 3044 omnes
1164 2987 1166 2994 '

356 3071 386 3127 et
400 3073 522 3144 peragat
537 3082 638 3127 causas
651 3065 749 3145 sitque
761 3065 875 3129 Catone
890 3063 981 3144 prior.
1122 3073 1124 3078 '

239 3191 244 3206 .
309 3149 542 3214 iurisconsultus
556 3153 657 3230 porei,
674 3169 734 3214 non
751 3150 844 3230 paret'
858 3149 965 3212 habeto
992 3187 994 3196 ,

344 3241 443 3314 atque
459 3243 521 3298 esto
537 3235 678 3315 quioquid
694 3235 813 3297 Seruius
827 3242 857 3296 et
869 3235 978 3298 Labeo.
1091 3287 1095 3296 .

311 3318 403 3381 multa
416 3319 544 3398 loquor:¹
554 3319 635 3399 quod
649 3319 702 3394 vis,
717 3320 847 3384 nummis
861 3319 1068 3400 praesentibus
1082 3327 1160 3398 opta,

356 3403 508 3466 etveniet.
538 3405 668 3466 clausum
684 3404 815 3484 possidet
829 3422 897 3466 arca
912 3405 1010 3466 lovem
1180 3464 1182 3470 ,
1317 3403 1342 3456 ³5

755 3509 773 3548 tlt

282 3561 285 3566 ’
308 3567 412 3653 lintre
432 3589 540 3666 mantis
560 3591 641 3638 meas
663 3570 893 3639 camellamvini
914 3575 1030 3654 posuit,
1053 3582 1084 3642 et
1104 3591 1172 3638 cum
1195 3569 1336 3656 ‹ligitosl›

229 3749 251 3802 '.
315 3727 327 3774 t
347 3722 499 3790 pensionem
508 3721 520 3791 ΙΙ
534 3726 549 3776 t
567 3723 630 3777 Gom
647 3724 743 3796 protuli
762 3737 892 3807 anserem,
905 3737 967 3778 anus
985 3725 1015 3802 ut
1028 3721 1093 3802 vidit
1106 3723 1146 3806 0]
1162 3701 1228 3792 oque
1245 3741 1302 3778 mu·

228 3787 350 3840 blatum.-
368 3805 505 3858 acremque
518 3791 682 3846 ambron
694 3791 733 3860 itti
748 3795 780 3846 et
794 3792 959 3862 loquansltt
976 3793 1064 3842 scierit
1077 3790 1141 3842 titre
1152 3794 1279 3860 plertque
1293 3793 1301 3862 ll

226 3853 386 3976 mmm!
400 3861 430 3912 lt
451 3864 477 3911 et
495 3858 681 3944 tluosansereq
696 3859 891 4040 tina·
891 3860 917 3935 ,l
947 3861 964 3914 tt
981 3857 1086 3924 naviget
1095 3858 1107 3927 ll
1126 3862 1157 3914 lt
1176 3865 1302 3930 temperet

267 3939 294 3974 rt
311 3931 421 3992 eoeeepto
439 3927 638 3994 Bernermlal
946 3943 978 3983 ,ρ
1006 3987 1008 3994 Α
1241 3964 1244 3972 ,
