2768 4480
229 217 291 278 224
580 219 744 274 VARRONIS
762 219 950 274 MENIPPEAE

703 391 769 452 vm
786 394 828 470 (9)

159 505 202 556 588
330 485 556 580 Ἐπικούρειος
567 489 651 569 θεὸς
665 511 724 555 mom
735 502 824 574 potest
839 511 910 556 esse:
926 484 1002 557 οὔτε
1019 483 1118 569 αὐτὸς
1129 486 1310 580 πράγματ’

229 575 295 660 ἔχει
316 572 390 643 οὔτε
413 572 529 655 ἄλλοις
550 580 706 663 mmmm,-
728 575 865 640 seems?
887 578 1026 659 quemodo
1045 589 1138 660 potest
1159 583 1313 644 rotundus

228 684 297 738 esee,
313 675 347 728 eet
361 669 403 727 eit
424 663 523 737 Varro,
538 668 599 726 sime
614 668 712 745 eapite,
726 667 788 725 eine
799 661 977 744 praeputio?

692 781 771 841 Vllll
787 785 830 859 (1)

159 881 202 932 584
335 869 431 947 capite
445 867 596 947 permulse

720 951 746 1010 X
766 953 807 1030 (7)

159 1065 202 1118 685
336 1050 561 1136 ψαμμακόσια
566 1051 727 1134 promulte'e
738 1050 829 1115 Verre
841 1056 959 1134 saepem
968 1051 1126 1134 Mem'ppee'e
1135 1057 1197 1115 emis
1204 1059 1310 1134 posuit

159 1286 203 1337 586
332 1275 519 1354 proverbium
530 1282 609 1336 vetus
621 1292 674 1356 555
691 1273 781 1335 Verre
794 1277 890 1336 utimr
900 1276 1029 1356 saepius:
1043 1273 1309 1338 fulmentalectum

228 1358 376 1420 scandunt

700 1440 776 1502 ΧΠ*
792 1441 835 1518 (4)

159 1563 202 1614 585
336 1531 472 1608 hercules
487 1545 543 1626 iam
558 1545 588 1605 in
605 1544 715 1623 regiam
732 1562 830 1606 aream
845 1544 1069 1626 impancmrunt

694 1660 843 1742 x111*(2)

161 1785 203 1838 555
336 1784 395 1844 quo
411 1765 483 1826 mihi
498 1783 628 1838 somnos,
644 1765 669 1826 si
685 1762 969 1827 dormitiomllitur‘?
998 1798 1003 1806 ·

689 1881 793 1943 XIIII*
808 1885 852 1960 (3)

160 2005 203 2058 559
335 1984 406 2064 quid
421 1983 551 2046 mirum?
574 2004 608 2045 ex
631 1985 693 2064 egri
708 1985 941 2066 depolitionibus
956 1984 1119 2060 eiciuntur,
1142 1985 1303 2049 15551555-
1366 1979 1367 2048 (

229 2070 334 2132 nacule
350 2068 441 2149 polito
457 2069 643 2148 recipiuntur
1130 2134 1134 2142 Ι
1366 2075 1367 2114 ÷

691 2168 763 2230 XV*
779 2171 844 2250 (14)
1366 2159 1367 2250 (

160 2294 203 2345 595
336 2275 389 2333 ‘est
404 2272 454 2333 ibi'
469 2273 566 2352 inquit
582 2273 615 2335 ‘si
632 2273 763 2346 festinas,
778 2271 909 2352 pilleum’

733 2389 798 2452 XVl

160 2515 202 2566 591
314 2498 456 2553 ettamen
472 2511 533 2554 nen
549 2492 675 2555 demolio
691 2500 785 2556 rostra

316 2660 364 2711 583
383 2659 483 2710 Seneca
501 2658 686 2728 epeeeleeynt.
698 2664 721 2714 8.
754 2660 874 2712 Varroni
891 2673 959 2724 quae
976 2659 1141 2722 tribuuntur,
1156 2673 1240 2725 prope
1256 2659 1300 2708 ab·

228 2730 291 2777 ment
308 2729 340 2776 56
358 2728 464 2778 senario
483 2724 607 2780 rote'mdus
625 2733 672 2792 est,
691 2729 747 2780 sine
765 2725 857 2793 cepite,
876 2726 931 2778 sine
950 2723 1171 2793 55555555511584
1189 2727 1300 2778 Pre'em'm

229 2807 280 2843 nne
296 2792 329 2844 {X
343 2810 372 2860 p.
392 2797 439 2847 481
459 2793 539 2847 Varro
558 2795 584 2846 in
602 2794 712 2864 5515551(
728 2799 778 2849 585
795 2795 948 2847 Macrobius
964 2798 1014 2846 eat.
1031 2791 1054 2843 V
1073 2795 1114 2858 20,
1135 2795 1175 2846 13.
1211 2792 1300 2854 eonfer-

230 2860 302 2928 5281(
317 2865 365 2916 586
383 2862 489 2915 Nomine
505 2879 532 2929 p.
545 2865 594 2917 206
608 2861 780 2932 (5155551555)
795 2865 842 2916 581
861 2861 933 2928 1115.
947 2864 979 2915 59
996 2861 1155 2928 impenerere
1173 2861 1297 2914 invadere.

229 2926 309 2982 Verre
334 2931 468 2984 eeclesiam
493 2931 518 2983 in
540 2932 611 2983 mede
634 2932 743 2984 titulum
766 2935 876 2983 eeteeae
893 2930 1016 2995 Scaliger
1038 2928 1104 2990 feeit
1124 2929 1251 2983 Ecclesia:
1274 2929 1298 2980 in

228 2996 328 3065 (potuit
342 2993 411 3064 Ἐχω
429 3015 460 3051 ee
477 3004 526 3050 eut
542 2997 606 3052 Oete
625 2998 791 3067 551)(555555
809 2999 876 3050 liber
892 2998 979 3050 Fabri
989 2997 999 3062 ((
1018 3000 1067 3052 588
1086 2997 1120 3050 Ν.
1135 3001 1228 3063 p.100
1246 2997 1298 3049 dor·

228 3067 308 3120 mitio.
344 3015 912 3133 8555855555519Ξ5485)5151151555
936 3065 1015 3118 idem:
1041 3065 1102 3133 quid
1126 3065 1191 3118 mihi
1212 3079 1297 3120 somno
1366 3123 1367 3136 χ

228 3136 342 3201 (somnes
359 3141 440 3200 umus)
453 3135 462 3202 Ι(
476 3137 525 3190 589
543 3135 577 3188 Ν.
594 3152 621 3202 p.
639 3138 671 3190 66
690 3135 829 3202 politiones
841 3133 851 3202 (Ι
864 3137 914 3188 599
928 3149 1044 3200 gramm.
1062 3133 1096 3185 de
1112 3134 1203 3186 dubiis
1219 3135 1298 3186 nemi·
1366 3145 1367 3190 (

228 3205 306 3254 m'bm
318 3203 351 3256 xl
359 3220 389 3270 p.
399 3207 446 3258 581
461 3203 574 3271 pilleum.
604 3207 694 3270 recepi
710 3219 764 3256 mem
775 3208 888 3269 prepter
898 3218 990 3254 verme
1001 3203 1113 3268 epem'em
1131 3202 1179 3253 sed
1193 3205 1297 3269 prepter

228 3277 417 3336 argumentum
434 3289 467 3324 ae
483 3286 629 3332 sermenem
643 3271 653 3341 Ι(
665 3274 712 3325 591
728 3271 868 3324 Diomedes
880 3285 909 3338 p.
918 3274 969 3324 400
982 3269 1061 3326 Varro
1073 3270 1100 3322 in
1112 3271 1216 3337 poetico
1227 3270 1296 3322 libre.

227 3353 282 3391 nem
301 3344 445 3392 esttamen
463 3355 570 3392 carmem
