2780 4480
574 179 714 234 sarthae

194 352 243 414 hic
258 353 308 414 dat
321 350 384 413 vela
398 351 486 430 fugae
501 351 712 433 Fortunaeque
726 353 825 416 omnia
841 354 942 418 credit.

193 437 264 517 quid
278 445 338 498 tam
353 453 442 516 parva
457 435 589 516 queror‘l
604 439 723 518 gemino
739 457 808 500 cum
822 440 945 502 consule
960 441 1093 522 Magnus,

194 523 244 584 ille
259 532 371 584 tremor
386 521 474 582 Ponti
489 522 626 602 saevique
640 533 777 603 repertor
792 525 935 606 Hydaspis

194 618 225 669 et
238 608 400 688 piratarum
415 608 564 687 scopulus,
580 608 668 670 modo
684 627 772 688 quem
787 621 834 670 ter
849 620 984 672 orantem
1094 621 1137 675 242

190 692 324 774 luppiter
337 693 503 766 horruerat,
519 712 608 772 quam
623 695 717 756 tracto
728 695 845 774 gurgite
861 696 975 758 Pontus

191 786 222 840 et
234 785 390 840 veneratus
405 785 469 838 erat
481 777 625 840 submissa
641 779 791 859 Bosporos
805 781 894 856 unda,

190 882 246 943 pro
260 864 366 943 pudor,
381 863 498 942 imperii
512 863 630 925 deserto
646 865 767 926 nomine
781 865 866 944 sugit,

189 956 225 1009 ut
239 947 370 1008 Fortuna
385 947 456 1009 levis
470 948 569 1028 blagni
584 967 704 1028 quoque
718 958 800 1028 terga
815 950 935 1014 videret.

158 1043 166 1092 t
233 1050 305 1112 ergo
319 1041 401 1105 tanta
416 1033 480 1094 lues
494 1032 593 1094 divum
608 1052 727 1114 quoqne
743 1035 865 1096 numina
880 1036 958 1112 vicit,
1094 1047 1136 1100 tta
1198 1043 1259 1105 124

190 1117 402 1197 consensitque
417 1119 503 1198 fugas
519 1119 591 1180 caeli
605 1119 703 1180 timor.
732 1139 803 1182 ecoe
818 1139 873 1200 per
886 1121 991 1184 orbem

189 1202 270 1264 mitis
284 1201 372 1264 turba
388 1203 475 1264 deum
491 1211 586 1265 terras
600 1223 688 1266 erosa
703 1206 836 1268 furentes

114 1327 122 1346 1
190 1288 300 1350 deserit
314 1296 403 1366 atque
417 1287 573 1350 hominum
589 1289 759 1351 damnatum
780 1290 921 1353 avertitur
935 1310 1050 1373 agmen.

188 1372 250 1434 Pax
263 1373 359 1452 prima
372 1380 441 1434 anta
457 1373 527 1436 alias
542 1375 644 1436 niveos
657 1376 772 1455 pulsata
786 1376 912 1440 lacertos

188 1457 345 1520 abscondit
359 1459 441 1537 galea
454 1459 565 1520 victum
580 1468 668 1539 caput
683 1468 770 1539 atque
785 1461 888 1523 relicto
1092 1473 1137 1524 tto

189 1544 263 1605 orbe
279 1545 366 1622 fugax
381 1543 455 1605 Ditis
469 1543 543 1624 petit
558 1544 742 1623 implacabile
757 1564 894 1625 regnum.

188 1629 259 1690 huic
274 1647 374 1690 comes
389 1627 412 1690 it
425 1629 571 1691 submissa
585 1629 672 1692 Fides
686 1639 716 1691 et
729 1631 813 1692 crine
828 1632 926 1692 soluto

188 1713 303 1775 lustitia
317 1733 352 1775 ao
365 1731 502 1776 maerens
516 1713 612 1776 lacera
628 1714 793 1777 Concordia
808 1716 893 1796 palla.

188 1808 220 1859 at
234 1809 346 1873 contra,
364 1799 449 1860 sodes
463 1799 553 1860 Erebi
569 1818 627 1878 qua
641 1809 730 1879 rupta
745 1800 877 1876 dehiscit,

190 1884 315 1962 emergit
328 1884 386 1945 late
402 1884 475 1946 Ditis
490 1885 608 1958 chorus,
623 1885 744 1946 horrida
759 1885 867 1966 Erinys

188 1977 221 2030 et
234 1969 356 2030 Bellona
370 1969 470 2029 minax
485 1970 659 2049 facibusque
674 1981 784 2032 armata
799 1972 934 2052 Megaera

188 2054 354 2133 Letumque
370 2053 556 2134 Insidiaeque
572 2063 601 2116 at
616 2055 710 2117 lurida
725 2056 828 2118 llortis
842 2057 949 2137 imago.

188 2157 263 2218 quas
278 2139 358 2200 inter
371 2138 476 2214 Furor,
491 2140 624 2220 abruptis
639 2159 693 2202 ceu
709 2141 785 2203 liber
799 2142 931 2218 habenis,

187 2225 385 2302 sanguineum
401 2225 458 2286 late
473 2224 548 2286 tollit
563 2234 652 2305 caput
666 2243 778 2304 oraque
790 2227 872 2292 ,mille

186 2309 362 2372 vulneribus
376 2311 513 2371 confossa
528 2319 652 2370 cruenta
668 2311 780 2372 casside
794 2311 878 2372 velat.

188 2396 290 2456 haeret
306 2395 431 2456 detritus
445 2394 544 2456 laevae
559 2394 717 2456 Mavortius
728 2395 818 2456 umbo

189 2479 456 2543 innumerabdibus
469 2479 536 2542 telis
551 2480 656 2558 gravis,
671 2489 760 2559 atque
775 2480 910 2560 flagranti

189 2565 289 2645 stipite
303 2564 405 2626 dextra
419 2565 519 2626 minax
533 2566 622 2627 terris
641 2565 779 2628 incendia
793 2574 901 2646 portat.
954 2564 960 2614 l

233 2649 323 2712 sentit
335 2658 414 2711 terra
428 2651 499 2713 deos
514 2658 685 2730 mutataque
698 2651 794 2714 sidera
807 2650 925 2732 pondus

190 2735 359 2814 quaesivere
374 2753 461 2798 suum
470 2755 479 2812 ;
495 2754 623 2815 namque
639 2737 735 2798 omnis
748 2737 829 2818 regia
845 2736 917 2798 caeli

192 2821 223 2880 in
239 2829 338 2900 partes
352 2820 470 2882 diducta
486 2820 554 2881 ruit
590 2820 779 2901 primumque
794 2823 889 2885 Ilione
1006 2850 1013 2867 ·

190 2904 322 2967 Caesaris
336 2913 399 2966 acta
412 2906 457 2967 sui
473 2906 563 2981 ducit,
579 2924 680 2969 eomes
695 2907 811 2969 additur
826 2907 868 2968 illi

189 2989 283 3052 Pallas
298 2999 328 3050 et
341 2991 492 3070 ingentem
514 2991 651 3069 quatiens
664 2991 824 3054 blavonius
836 2993 959 3053 basum.

188 3075 328 3156 Magnum
342 3094 410 3137 cum
426 3075 549 3137 Phoebo
564 3093 651 3138 soror
665 3085 694 3137 et
709 3075 840 3157 Cyllenia
854 3076 954 3157 proles
1059 3119 1064 3129 .

189 3160 299 3240 excipit
314 3179 348 3222 ao
363 3161 433 3222 totis
448 3160 550 3232 similis
565 3161 737 3240 Tirynthius
750 3161 832 3223 actis.

232 3245 414 3312 intremuere
424 3245 513 3308 tubae
528 3264 562 3307 ac
576 3245 668 3308 scisso
683 3247 833 3308 Discordia
848 3245 931 3307 crine

189 3331 294 3392 extulit
307 3332 343 3393 ad
356 3349 482 3411 superos
497 3331 629 3412 Stygium
644 3341 743 3412 caput.
773 3331 860 3393 huius
875 3331 907 3391 in
922 3348 974 3392 ore

189 3425 348 3478 concretus
363 3417 492 3496 sanguis,
508 3425 692 3496 contusaque
707 3417 819 3478 lumina
834 3416 961 3478 debant:

189 3501 308 3562 stabant
322 3502 414 3564 aerati
429 3501 534 3563 scabra
548 3500 687 3580 rubigine
702 3502 814 3577 dentes,

188 3586 258 3648 tabo
273 3585 374 3666 lingna
388 3588 494 3660 lluens,
510 3586 631 3648 obsessa
642 3587 822 3650 draconibus
837 3604 898 3664 ora,
1094 3593 1137 3645 tlt

187 3677 276 3750 atque
292 3672 450 3733 intertorto
466 3672 620 3732 laceratam
641 3680 760 3752 pectore
776 3681 888 3734 vestem

189 3823 240 3874 239
252 3819 340 3874 Parthi
359 3824 462 3874 conieci
473 3821 483 3888 ΙΙ
496 3823 544 3874 tlt
564 3825 666 3872 ornarat
678 3820 844 3873 Schrader-or
857 3822 928 3885 11245
945 3819 1010 3871 vidit
1024 3819 1033 3884 ss
1045 3821 1095 3872 teu
1109 3818 1179 3888 palla

98 3890 273 3943 Schradema
291 3889 367 3957 12262
385 3905 454 3943 arma
471 3891 638 3941 Passeratius
657 3887 667 3957 ΙΙ
684 3891 733 3942 269
751 3903 894 3956 magnaque
912 3903 970 3940 cum
986 3887 996 3956 ΙΙ
1013 3891 1061 3941 222
1081 3901 1111 3939 ee
1128 3903 1180 3940 om.

6 3969 7 3982 ¹
98 3959 190 4011 eodan
207 3959 349 4010 Parisinus
365 3957 433 4014 acta
445 3958 455 4026 ΙΙ
469 3958 518 4011 223
535 3956 652 4020 sortasse
669 3957 732 4010 lletu
746 3957 756 4026 ss
769 3960 819 4010 224
836 3957 894 4009 irati
