2780 4480
219 187 260 248 74
678 187 831 244 Peruenit

219 359 421 443 confugiunt?
435 370 465 426 at
479 362 559 424 enim
573 361 660 423 amici
674 361 796 422 luerunt
811 359 915 424 nostri.
946 377 981 420 eo
995 358 1107 430 maiora
1117 367 1301 422 meruerunt
1319 366 1339 418 t

218 449 378 529 supplicia;
401 447 536 526 namqui
559 447 675 526 ignotos
690 446 792 518 laedit,
808 446 883 506 latro
905 444 1084 524 appellatur,
1106 443 1158 524 qui
1173 444 1299 520 amicos,

220 536 307 616 paulo
331 533 427 596 minus
449 551 537 611 quam
559 531 722 611 parricida’.
756 531 875 594 resolvit
894 529 1055 610 Eumolpos
1076 537 1136 590 tam
1161 529 1299 608 iniquam

218 619 462 682 declamationem
478 627 508 678 et
523 615 681 695 ‘intellego’
701 615 798 694 inquit
812 616 894 680 ‘nihil
910 615 1003 693 magis
1019 615 1123 676 obesse
1137 613 1300 676 iuvenibus

218 705 343 777 miseris,
359 721 446 782 quam
463 702 541 780 quod
559 711 647 766 nocte
669 703 872 781 deposuerunt
886 701 1023 780 capillos:
1046 700 1103 762 hoc
1119 707 1300 780 argumento
1323 711 1336 760 a

214 790 358 852 incidisse
372 789 510 852 videntur
523 788 555 848 in
572 805 690 860 navem,
711 806 773 848 non
788 786 912 848 venisse.
950 785 1031 864 quod
1045 784 1132 846 velim
1145 794 1207 849 tam
1222 803 1298 846 can-

217 875 286 936 dide
313 875 348 935 ad
369 891 455 934 aures
477 881 588 935 vestras
608 873 774 952 perveniat,
797 890 884 950 quam
907 870 1080 950 simpliciter
1100 879 1217 948 gestum
1241 878 1297 932 est.

218 960 377 1022 voluerunt
392 958 470 1020 enim
486 967 644 1038 antequam
660 957 913 1030 conscenderent,
936 973 1098 1018 exonerare
1119 954 1214 1034 capita
1230 973 1298 1016 mo
1323 959 1327 968 '

212 1047 293 1108 ‚leste
309 1052 338 1105 ct
352 1061 534 1123 superuacuo
556 1043 703 1123 pondere,
727 1043 778 1106 sed
800 1041 925 1104 celerior
942 1050 1051 1116 ¹ventus
1071 1039 1184 1104 distulit
1207 1058 1297 1100 cura-

218 1129 308 1191 tionis
322 1129 516 1209 propositum.
534 1147 603 1190 nec
617 1135 718 1188 tamen
736 1134 915 1206 putaverunt
928 1127 963 1188 ad
978 1144 1043 1188 rem
1057 1126 1226 1206 pertinere,
1243 1124 1297 1186 ubi
1321 1133 1347 1184 tu

218 1215 402 1294 inciperent,
426 1214 505 1292 quod
520 1213 672 1292 placuerat
691 1221 726 1274 ut
739 1213 838 1286 deret,
860 1211 928 1290 quia
944 1230 1000 1276 nec
1015 1229 1103 1273 oman
1127 1228 1183 1271 nec
1198 1210 1298 1289 legem

219 1299 421 1378 navigantium
442 1298 606 1362 noverant’.
637 1297 726 1377 ‘qnid'
749 1297 846 1376 inquit
867 1296 972 1360 Lichas
994 1295 1121 1359 ‘attinuit
1143 1295 1298 1375 supplices

218 1381 343 1446 radere?
368 1384 426 1446 nisi
448 1385 524 1444 torte
546 1382 774 1446 miserabiliores
796 1382 868 1444 calvi
889 1381 988 1444 solent
1010 1399 1083 1443 esse.
1114 1398 1297 1460 quamquam

220 1469 290 1549 quid
306 1470 410 1532 attinet
424 1469 574 1533 veritatem
590 1488 645 1548 per
666 1469 860 1548 interpretem
881 1465 1047 1546 quaerere?
1069 1466 1139 1544 quid
1161 1464 1236 1528 dicis
1254 1474 1296 1539 tu,

219 1552 316 1616 latro?
341 1573 414 1634 quae
436 1554 619 1616 salamandra
641 1552 798 1633 supercilia
821 1561 871 1614 tua
887 1549 1019 1614 exussit?
1041 1551 1089 1612 cui
1110 1551 1165 1612 deo
1180 1551 1298 1612 crinem
1324 1557 1350 1608 ts

218 1638 342 1701 vovisti?
360 1641 534 1720 pharmaca,
550 1639 717 1719 responde!

138 1727 200 1790 108
305 1725 514 1805 obstupueram
531 1743 585 1804 ogo
598 1724 826 1805 supplicii'metu
839 1722 968 1802 pavidus,
986 1739 1041 1784 nec
1056 1721 1126 1800 quid
1143 1719 1175 1781 io
1188 1738 1222 1780 re
1233 1739 1298 1782 ma·

225 1811 414 1872 nifastissima
429 1811 573 1884 dicerem,
588 1809 773 1870 inveniebam
788 1807 925 1869 turbatus

222 1903 251 1956 et
273 1895 414 1956 deformis
436 1902 554 1974 praeter
573 1893 690 1973 spoliati
706 1893 808 1971 capitis
823 1893 951 1954 dedecus
968 1889 1194 1970 superciliorum
1211 1892 1302 1954 etiam

221 1980 351 2057 aequalis
378 1997 444 2040 cum
467 1980 566 2040 fronte
590 1978 733 2051 calvities,
760 1986 795 2038 ut
814 1975 888 2038 nihil
909 1995 965 2040 nec
985 1977 1082 2038 facere
1104 1976 1224 2038 deceret
1245 1993 1302 2040 nec
1326 1985 1352 2036 tt

222 2065 330 2126 dicere.
365 2073 398 2125 ut
412 2083 482 2125 vero
498 2063 622 2144 spongia
637 2062 693 2124 uda
708 2062 796 2124 iacies
812 2061 956 2141 plorantis
971 2061 1086 2122 detersa
1099 2069 1145 2124 cst
1159 2069 1189 2122 et
1202 2062 1301 2141 lique-

219 2151 330 2210 lactum
346 2168 400 2229 per
414 2157 509 2212 totum
527 2168 559 2210 os
574 2155 772 2210 atramentum
789 2147 887 2210 omnia
903 2146 1015 2208 scilicet
1032 2147 1211 2214 lineamenta
1229 2147 1300 2210 tuti-

218 2235 305 2314 ginoa
322 2235 401 2298 nube
416 2234 564 2310 confudit,
587 2235 618 2295 in
640 2233 740 2296 odium
761 2251 793 2296 so
814 2233 857 2294 ira
876 2233 1030 2294 convertit.
1072 2239 1160 2311 negat
1174 2232 1299 2296 Eumol-

217 2339 274 2400 pus
300 2339 456 2401 passurum
485 2340 533 2394 se,
564 2327 598 2382 ut
628 2319 783 2398 quisquam
810 2318 958 2398 ingenuos
984 2324 1089 2378 contra
1113 2317 1156 2378 ias
1184 2317 1298 2400 legem-

220 2424 279 2484 que
299 2406 495 2480 contaminet,
521 2405 747 2484 interpellatque
775 2403 965 2466 saevientium
988 2403 1083 2466 minas
1110 2421 1171 2464 non
1199 2404 1298 2467 solum
1320 2413 1348 2463 25

218 2509 289 2552 rece
318 2491 370 2552 sed
399 2491 487 2552 etiam
515 2490 661 2554 manibus.
712 2491 812 2550 aderat
839 2487 1039 2568 interpellanti
1069 2490 1299 2552 mercennarius

218 2593 318 2637 comes
343 2583 373 2635 et
403 2595 480 2636 onos
510 2575 642 2653 alterque
673 2573 890 2636 infirmissimus
921 2581 1035 2647 vector,
1065 2572 1173 2636 solacia
1202 2575 1298 2654 magis

218 2660 277 2720 litis
298 2676 385 2736 quam
407 2659 512 2720 virium
537 2660 652 2721 auxilia.
689 2657 924 2736 necquicquam
950 2676 1005 2737 pro
1029 2676 1077 2718 me
1103 2658 1297 2738 deprecabar,

219 2743 272 2806 sed
292 2744 444 2805 intentans
465 2744 495 2804 in
519 2744 621 2806 oculos
637 2743 828 2824 Tryphaenae
850 2761 957 2804 manus
978 2761 1100 2808 usurum
1121 2763 1169 2807 me
1183 2744 1298 2811 viribus

218 2828 291 2890 meis
314 2828 391 2889 clara
412 2829 564 2908 liberaque
584 2847 657 2892 voce
679 2827 815 2902 clamari,
839 2828 869 2890 ni
884 2828 1047 2890 abstineret
1061 2847 1078 2889 a
1093 2828 1201 2890 Gitone
1215 2829 1298 2893 iniu-
1318 2839 1349 2891 30

219 2914 292 2976 riam
309 2913 415 2976 mulier
429 2914 565 2976 damnata
579 2921 609 2976 et
624 2914 654 2975 in
669 2922 734 2976 toto
750 2913 864 2993 navigio
880 2913 943 2976 sola
964 2913 1155 2976 verberando.
1186 2932 1298 2978 accen·

218 2999 298 3062 ditur
312 2999 431 3061 audacia
447 3018 512 3061 mea
526 2999 628 3062 iratior
642 2999 765 3072 Lichas,
782 2998 1012 3078 indignaturque
1028 2998 1107 3078 quod
1123 3015 1177 3078 ego
1194 2999 1298 3064 relicta

218 3104 283 3148 mea
305 3103 392 3148 causa
413 3093 527 3146 tantum
550 3103 604 3164 pro
626 3084 683 3146 alio
705 3084 808 3145 clamo.
839 3101 896 3145 nec
917 3084 1016 3148 minus
1031 3085 1206 3164 Tryphaena
1221 3104 1297 3150 een·

219 3170 339 3232 tumelia
353 3171 444 3232 saevit
458 3189 582 3234 accensa
597 3170 747 3249 totiusque
760 3169 866 3248 navigii
881 3169 997 3230 turbam
1012 3169 1125 3232 diducit
1138 3169 1168 3238 in
1185 3179 1296 3249 partes.

220 3255 291 3316 hinc
305 3259 529 3318 mercennarius
544 3251 672 3340 [tonsor]
688 3256 866 3316 ferramenta
878 3272 930 3316 sua
943 3255 1030 3318 nobis
1045 3254 1151 3334 etipse
1167 3264 1298 3320 armatus
1318 3265 1348 3316 35

220 3339 379 3413 distribuit,
395 3341 477 3403 illinc
491 3342 684 3427 Tryphaenae
699 3339 807 3402 familia
823 3340 918 3402 nudas
933 3339 1049 3421 expedit
1061 3356 1175 3404 manus.
1205 3359 1241 3404 ac
1257 3361 1296 3407 ne

218 3423 394 3486 ancillarum
415 3426 534 3504 quidem
556 3427 667 3488 clamor
686 3425 780 3487 aciem
801 3424 948 3500 destituit,
973 3444 1032 3490 uno
1053 3433 1170 3488 tantum
1183 3425 1297 3504 guber-

220 3519 325 3572 natore
340 3510 514 3572 relictorum
534 3531 566 3573 se
588 3511 668 3572 navis
683 3509 879 3576 ministerium
895 3510 1102 3584 denuntiante,
1124 3511 1149 3576 si
1165 3529 1227 3575 non
1244 3511 1295 3577 de·

218 3596 298 3659 sinat
323 3595 419 3657 rabies
440 3596 561 3660 libidine
582 3595 767 3676 perditorum
787 3595 917 3656 collecta.
953 3596 1045 3659 nihilo
1072 3596 1171 3661 minus
1195 3604 1296 3658 umen

222 3689 389 3760 perseverat
405 3681 609 3744 dimicantium
623 3682 716 3755 furor,
732 3680 789 3744 illis
799 3699 854 3760 pro
870 3681 993 3755 ultione,
1006 3681 1091 3742 nohis
1103 3681 1228 3760 protrita
1239 3700 1297 3762 pu·
1316 3691 1349 3743 to

309 3883 338 3934 15
351 3897 417 3948 quae
429 3883 485 3936 sola
497 3881 655 3936 salamandra
671 3882 675 3947 Ι
691 3883 804 3936 excussit
816 3880 826 3950 ΙΙ
839 3883 871 3934 20
889 3879 990 3946 aequali
1008 3884 1035 3930 et
1052 3880 1155 3934 calvitie
1168 3881 1296 3934 Mancha-

220 3964 269 4001 rur
287 3954 424 4000 conectens
441 3949 563 4002 deformis
581 3965 640 4002 mam
658 3950 818 4002 inveniebam
918 3991 925 4008 .
