2780 4480
553 167 694 222 sannae
1120 169 1160 230 95

13 347 61 400 to
84 343 168 403 inter
181 342 255 403 haec
276 340 397 401 nomina
418 359 525 421 magna
547 342 594 403 lex
614 342 718 421 surgit.
760 360 843 404 sume
859 361 930 422 ergo
946 345 1121 425 amplexum,
1137 346 1162 408 si

84 426 194 507 placet.
225 443 323 504 neque
337 433 382 487 est
397 429 475 506 quod
491 427 642 488 curiosum
663 427 790 506 aliquem
812 428 999 491 extimescas:
1021 431 1110 511 longe
1125 431 1161 492 ah

84 513 227 574 hocloco
243 511 335 572 frater
346 511 409 572 est!
440 512 512 573 dixit
526 513 598 574 haec
615 513 708 586 Circe,
723 513 957 593 implicitumque
971 533 1019 576 me
1035 515 1163 583 brachiis

83 597 275 659 mollioribus
290 596 390 675 pluma
405 597 525 659 deduxit
538 597 569 658 in
584 607 693 658 terram
707 599 788 659 vario
809 599 942 678 gramine
956 599 1104 662 indutam:
1205 631 1207 638 ·

47 697 66 746 5
241 681 327 743 ldaeo
344 683 446 761 quales
459 683 536 744 ludit
550 683 585 744 de
599 683 708 744 vertice
728 684 818 745 flores

240 775 319 827 terra
334 784 452 846 parens,
468 785 535 828 cum
551 786 584 829 se
598 787 742 830 concesso
756 769 853 830 iunxit
866 771 959 830 amori

241 849 373 932 luppiter
387 861 417 912 et
431 861 493 914 toto
510 854 649 933 concepit
664 863 786 934 pectore
802 854 949 916 dammas:

242 937 389 998 emicuere
404 957 487 1000 rosae
503 938 653 1018 violaeque
669 948 699 1000 et
712 940 800 1001 molle
815 958 958 1020 cyperon,

240 1021 365 1100 albaque
381 1022 417 1082 de
431 1023 516 1084 viridi
532 1024 664 1086 riserunt
678 1025 737 1085 lilia
758 1032 860 1104 prato:

34 1121 67 1172 10
240 1107 307 1168 talis
321 1107 430 1169 humus
444 1108 589 1170 Venerem
605 1110 709 1171 molles
723 1109 856 1171 clamavit
871 1110 901 1171 in
916 1109 1033 1184 herhas,

240 1192 452 1272 candidiorque
467 1194 529 1255 dies
544 1204 658 1256 secreto
673 1196 743 1255 lavit
757 1195 860 1256 amori.

171 1276 203 1337 in
216 1277 272 1338 hoc
283 1278 416 1355 gramine
427 1279 538 1358 pariter
548 1281 705 1359 compositi
715 1280 794 1342 mille
806 1281 916 1342 osculis
926 1280 1058 1355 lusimus,
1071 1300 1162 1360 quae·

83 1369 187 1423 rentes
201 1362 380 1441 voluptatem
398 1363 551 1427 robustam
616 1445 633 1484 *

45 1543 68 1593 L
168 1531 275 1611 l‘quid
291 1531 367 1596 est‘l'
388 1533 485 1613 inquit
508 1533 662 1611 ‘numquid
684 1544 713 1594 te
736 1534 869 1596 osculum
892 1553 989 1596 meum
1013 1534 1159 1598 offendit?
1184 1543 1244 1606 128

40 1631 69 1681 15
85 1617 232 1696 numquid
252 1617 373 1698 spiritus
394 1618 505 1680 ieiunio
525 1616 684 1680 marcens?
708 1619 851 1697 numquid
871 1620 984 1680 alarum
1004 1622 1160 1701 negligens

85 1700 200 1764 sudor‘l
220 1711 271 1764 aut
285 1703 309 1764 si
324 1703 397 1764 haec
412 1721 473 1764 non
489 1713 574 1778 sunt,
597 1705 739 1782 numquid
757 1704 863 1764 Gitona
883 1703 1002 1766 times‘l'
1022 1707 1161 1786 perimus

85 1805 142 1867 ego
163 1787 276 1849 rubore
295 1789 451 1850 manifesto
474 1789 561 1850 etiam
584 1789 693 1867 siquid
715 1789 876 1850 habueram
889 1790 1013 1865 virium,
1034 1791 1160 1871 perdidi,

84 1881 208 1951 totoque
223 1891 350 1952 corpore
370 1875 449 1935 velut
463 1875 562 1935 luxato
583 1874 712 1953 ‘quaeso’
727 1875 848 1954 inquam
864 1875 991 1956 regina,
1014 1877 1073 1938 noli
1089 1895 1160 1957 sug-

84 1959 187 2036 gillare
203 1957 345 2020 miserias.
375 1960 519 2021 veneficio
533 1967 689 2022 contactus
707 1961 783 2022 sum'

610 2067 627 2104 ὴ

41 2141 68 2192 te
170 2128 237 2203 ‘dic,
254 2128 382 2208 Chrysis,
397 2130 449 2190 sed
464 2147 582 2190 verum:
598 2131 742 2209 numquid
755 2130 898 2192 indecens
909 2129 999 2192 sum?
1015 2131 1160 2210 numquid

84 2211 258 2292 incompta?
281 2214 426 2292 numquid
443 2214 479 2275 ah
496 2215 595 2294 aliquo
612 2215 737 2276 naturali
757 2215 827 2275 vitio
849 2216 975 2277 sormam
997 2235 1092 2277 meam
1107 2236 1159 2277 en-

85 2297 195 2360 caeco'l
219 2299 281 2360 noli
304 2299 440 2379 decipere
456 2300 606 2361 dominam
624 2310 715 2361 tuam.
746 2300 847 2360 nescio
868 2301 937 2378 quid
953 2301 1158 2380 peccavimus?

84 2386 183 2465 rapuit
198 2384 306 2446 deinde
319 2385 430 2446 tacenti
444 2384 607 2464 speculum,
624 2395 653 2446 et
663 2392 819 2465 postquam
835 2401 939 2446 omnes
952 2385 1050 2447 vrdtus
1060 2395 1157 2466 temp·

83 2470 167 2549 tavit,
191 2486 268 2548 quos
290 2469 365 2531 solet
385 2470 463 2531 inter
483 2479 615 2532 amantes
635 2471 712 2532 risus
733 2471 862 2547 tingere,
883 2471 1011 2532 excussit
1025 2479 1158 2532 vexatam

43 2565 68 2616 u
83 2554 145 2616 solo
166 2563 279 2616 vestem
293 2555 460 2634 raptimque
476 2554 577 2616 aedem
591 2555 715 2617 Veneris
728 2554 855 2616 intrarit.
885 2573 941 2635 ego
956 2565 1059 2618 contra
1074 2556 1157 2618 dam·

83 2649 170 2702 natus
186 2649 216 2700 et
231 2640 315 2718 quasi
335 2641 462 2718 quodam
483 2640 546 2702 visu
569 2641 598 2701 in
620 2642 775 2702 horrorem
797 2639 958 2720 perductus
972 2640 1157 2722 interrogare

84 2726 214 2787 animum
230 2741 329 2786 meum
343 2725 439 2805 coepi,
454 2744 492 2786 an
507 2744 575 2787 vera
589 2727 738 2806 voluptate
752 2726 905 2788 fraudatus
926 2745 1029 2789 essem.

25 2813 65 2866 Lo
185 2808 190 2892 Ι
212 2819 301 2871 nocte
323 2811 486 2889 soporifera
501 2811 590 2872 veluti
606 2829 672 2872 cum
690 2812 805 2873 somnia
818 2811 926 2873 ludunt

213 2903 348 2956 errantes
363 2896 466 2957 oculos
481 2896 645 2976 ellossaque
660 2897 784 2976 protulit
798 2915 904 2959 aurum

44 2989 69 3040 30
212 2980 243 3041 in
259 2980 357 3041 lucem
371 2980 473 3042 tellus:
488 2991 585 3043 versat
599 3001 706 3044 manus
720 2982 854 3061 improba
870 2984 981 3044 lurtum

212 3061 438 3149 [thesaurosque
453 3067 539 3146 rapit,
555 3070 646 3128 sudor
661 3085 779 3146 quoque
795 3067 904 3146 perluit
918 3063 981 3148 ora]

210 3159 241 3211 et
254 3158 386 3212 mentem
401 3151 492 3212 timor
506 3152 582 3214 altus
596 3151 693 3226 hahet,
710 3171 748 3213 ne
763 3153 839 3213 sorte
855 3161 1006 3231 gravatum

210 3236 340 3298 excutiat
354 3237 497 3316 gremium
513 3236 619 3298 secreti
634 3238 772 3300 conscius
782 3236 865 3298 auri:

209 3337 278 3382 mox
293 3320 346 3382 uhi
360 3323 503 3400 ingerunt
516 3323 627 3385 elusam
642 3323 748 3402 gaudia
762 3331 892 3383 mentem

43 3413 67 3464 tt
83 3433 87 3440 ·
208 3423 337 3484 veraque
352 3407 446 3468 lorma
460 3407 545 3480 redit,
562 3408 688 3481 animus,
704 3409 782 3488 quod
798 3407 936 3487 perdidit,
951 3417 1033 3488 optat

209 3498 298 3570 atque
313 3491 344 3552 in
359 3493 517 3572 praeterita
531 3511 563 3554 se
577 3501 658 3555 totus
672 3493 800 3573 imagine
814 3504 910 3556 versat

81 3609 285 3622 —au-——u—-u-

168 3662 179 3710 1
200 3659 299 3723 magica
318 3658 480 3711 Strelitziur.
517 3675 566 3726 ego
585 3665 705 3712 orationi
728 3662 833 3728 aliquid
856 3662 1006 3713 detractum
1023 3663 1089 3725 puto
1106 3658 1115 3724 ΙΙ
1138 3662 1153 3712 5

82 3727 165 3794 qualis
180 3725 361 3778 Hadrianidee
372 3727 382 3794 ΙΙ
395 3732 410 3779 6
424 3728 542 3780 confesso
556 3726 566 3796 11
581 3730 610 3780 ta
624 3732 785 3795 quaerentes]
798 3731 863 3780 hose
874 3729 1025 3795 reparanda
1038 3743 1129 3778 correo
1147 3727 1150 3794 l

83 3797 303 3862 repromissum
315 3795 387 3847 dirce
399 3795 432 3847 ad
444 3795 602 3864 Polyaenum
613 3795 623 3865 l
638 3799 667 3850 15
680 3798 785 3863 macer}
800 3800 829 3848 16
841 3801 895 3860 ant]
908 3801 971 3864 puto
983 3795 993 3866 Ι
1006 3799 1037 3850 18
1049 3795 1134 3848 laxato
1187 3843 1190 3849 .

82 3865 114 3916 ld
130 3865 307 3930 praemissum
324 3864 395 3916 dirce
409 3863 419 3932 ΙΙ
435 3866 464 3916 21
485 3867 607 3916 Petronia·
619 3868 712 3930 poterit
729 3881 783 3916 eree
806 3863 913 3918 sormam
934 3865 1017 3919 haheo
1035 3879 1156 3917 exeaeca-

82 3931 154 4001 tamll
168 3935 202 3985 at
218 3929 333 3993 sortasse
351 3947 413 3984 usus
429 3935 433 3999 l
448 3932 565 3999 frangere
578 3932 588 4001 ll
602 3935 632 3986 31
653 3937 723 3986 artus
740 3933 905 3999 florilegium
