2780 4480
225 165 288 227 100
665 144 841 218 *rnreouu

225 341 256 402 in
272 340 410 402 iniuriam
431 339 568 418 vigilavit,
587 356 624 399 an
643 346 803 400 contentos
822 337 879 400 luit
894 337 981 399 vidua
992 338 1158 418 pudicaque
1178 336 1309 400 nocte'l'
1326 343 1360 396 m

224 425 320 506 tetigit
335 444 410 506 puer
431 424 535 486 oculos
555 441 626 485 suos
641 421 936 503 conceptissimisque
957 423 1064 484 iuravit
1076 423 1176 485 verbis
1191 423 1254 486 sibi
1272 423 1311 485 ab

225 510 343 592 Ascylto
360 509 470 571 nnllam
485 509 543 569 vim
558 509 666 570 iactam

754 612 771 651 ᾑ

225 680 383 761 positoque
398 679 429 740 in
444 678 546 739 limine
561 695 642 755 genn
657 677 699 738 sic
714 677 890 756 deprecatus
904 694 969 738 sum
985 675 1108 738 numina
1123 694 1229 740 versu:

226 821 230 826 .
279 764 491 845 ‘Nympharum
508 762 676 842 Bacchique
692 779 801 836 comes,
816 779 905 840 quem
920 761 1044 841 pulchra
1059 761 1155 824 Dione

225 886 233 896 ·
289 849 429 912 divitibus
443 847 523 910 silvis
537 865 649 908 numen
665 846 754 920 dedit,
770 846 871 908 inclita
886 855 970 926 paret

290 936 339 996 cui
353 933 466 996 Lesbos
478 933 637 1012 viridisque
652 932 775 1005 Thasos,
790 949 879 1011 quem
895 931 995 1011 Lydus
1009 932 1111 993 adorat

290 1016 1126 1182 tttttdtttttltttt&taritaticum·

227 1229 231 1235 -
293 1198 323 1252 et
337 1189 454 1251 timidas
468 1187 589 1249 admitte
603 1205 716 1267 preces.
747 1206 810 1248 non
826 1187 972 1266 sanguine
987 1187 1064 1250 tristi

292 1274 431 1354 perfusus
445 1272 543 1348 renio,
557 1291 618 1334 non
634 1272 753 1352 templis
767 1271 876 1352 impius
891 1273 984 1334 bostis

291 1359 407 1420 admovi
422 1357 564 1432 dextram,
578 1357 631 1418 sed
646 1357 734 1438 inops
749 1365 779 1418 et
793 1357 884 1418 rebus
899 1357 1000 1436 egenis

292 1443 409 1504 attritus
423 1443 539 1504 lacinus
553 1461 616 1504 nou
631 1439 838 1522 toto'corpore
853 1441 919 1503 leci.

294 1528 427 1607 quisquis
442 1536 546 1607 peccat
560 1527 657 1608 inops,
672 1527 772 1590 minor
786 1535 831 1589 est
845 1546 923 1588 reus.
954 1527 1009 1588 bac
1024 1543 1122 1606 prece,
1139 1543 1265 1605 quaeso,

293 1631 423 1675 exonera
436 1621 568 1674 mentem
582 1613 746 1692 culpaeque
761 1613 881 1693 ignosce
896 1611 1021 1674 minori:

293 1706 323 1760 et
338 1697 517 1777 quandoque
532 1698 603 1760 mihi
618 1699 756 1759 fortunae
772 1696 904 1758 arriserit
919 1696 1000 1771 hora,

294 1801 356 1844 non
372 1783 437 1844 sine
452 1783 567 1844 honore
583 1790 667 1843 tuum
682 1783 778 1862 patiar
791 1782 890 1843 decus.
920 1781 975 1842 ibit
989 1780 1025 1842 ad
1040 1797 1114 1854 aras,

294 1877 405 1940 sancte,
420 1876 487 1928 tuas
501 1866 611 1940 hircus,
627 1866 745 1944 pecoris
760 1875 854 1947 pater,
870 1866 924 1927 ibit
936 1867 973 1927 ad
988 1883 1054 1928 aras

297 1951 482 2030 corrigeret
497 1951 639 2029 querulae
654 1951 732 2012 letus
745 1951 816 2026 suis,
831 1951 927 2011 hostia
942 1951 1064 2012 lactens.

236 2089 240 2096 .
295 2034 445 2116 spumabit
460 2035 570 2114 pateris
585 2035 699 2097 hornus
714 2036 822 2115 liquor,
836 2043 866 2096 et
879 2043 925 2097 ter
940 2043 1076 2097 ovantem

232 2145 236 2152 ⁴
296 2121 375 2183 circa
391 2119 547 2182 delubrum
562 2137 696 2199 gressum
711 2121 787 2182 feret
802 2120 883 2182 ebria
899 2120 1003 2200 pubes'

760 2226 778 2267 1

317 2292 387 2353 dum
401 2291 475 2352 haec
489 2309 545 2369 ago
559 2308 690 2369 curaque
704 2291 817 2354 sollerti
832 2291 966 2370 deposito
982 2307 1050 2352 meo
1066 2306 1154 2350 caveo
1163 2289 1314 2364 „intravit

232 2375 389 2439 delubrum
403 2395 479 2438 anus
495 2376 632 2438 laceratis
646 2376 780 2440 crinibus
792 2377 938 2456 nigraque
948 2384 1029 2438 veste
1044 2374 1195 2450 deformis,
1211 2384 1313 2436 extra·
1377 2421 1378 2426 η

232 2480 289 2540 que
304 2462 482 2524 vestibulum
496 2480 543 2522 me
556 2461 664 2523 iniecta
677 2479 768 2524 manu
783 2462 866 2524 duxit

766 2567 783 2606 t

150 2630 211 2692 134
317 2632 321 2710 Ι
341 2636 426 2710 ‘quae
437 2630 543 2710 striges
554 2631 750 2691 comederunt
760 2649 868 2692 nervos
883 2639 959 2704 tuos,
975 2637 1027 2690 aut
1038 2628 1117 2709 quod
1129 2647 1315 2710 purgamen·
1331 2627 1378 2687 acl

233 2724 297 2776 tum
314 2722 402 2776 nocte
417 2714 533 2776 calcasti
548 2713 579 2774 in
595 2714 680 2774 trivio
696 2724 747 2776 aut
768 2712 911 2777 cadaveri
934 2733 1005 2776 nea
1027 2732 1121 2794 puero
1144 2715 1267 2794 quidem
1285 2726 1316 2778 te

233 2799 402 2871 vindicasti,
418 2798 469 2860 sed
485 2798 595 2872 mollis,
611 2798 731 2874 debilis,
747 2801 855 2875 lassus,
877 2808 1018 2880 tanquam
1033 2799 1164 2861 caballus
1178 2800 1210 2861 in
1226 2801 1317 2876 clivo,

234 2893 265 2945 et
287 2902 408 2964 operam
430 2891 460 2944 et
481 2883 620 2946 sudorem
642 2885 805 2963 perdidisti.
843 2903 900 2948 nec
922 2892 1083 2947 contentus
1097 2884 1161 2965 ipse
1175 2903 1316 2966 peccare,

234 2969 306 3031 mibi
321 2969 393 3031 deos
407 2968 497 3031 iratos
512 2969 654 3031 excitasti'

765 3075 782 3114 ᾑ

316 3141 322 3220 Ι
342 3159 375 3202 ac
397 3158 445 3202 me
467 3140 574 3202 iterum
596 3139 627 3201 in
651 3141 755 3202 cellam
771 3139 933 3204 sacerdotis
949 3139 1023 3200 nibil
1037 3145 1226 3200 recusantem
1243 3157 1315 3219 pcr—
1335 3135 1378 3196 tol

235 3224 318 3286 duxit
339 3225 514 3305 impulitque
536 3242 628 3304 super
648 3224 758 3286 lectum
781 3232 811 3285 ot
831 3225 1030 3286 harundinem
1056 3224 1092 3285 ab
1115 3223 1190 3284 ostio
1213 3224 1317 3303 rapuit

235 3309 402 3389 iterumque
417 3309 491 3370 nihil
506 3309 738 3389 respondentem
759 3309 906 3370 mulcavit.
943 3328 978 3371 ac
994 3309 1049 3372 nisi
1072 3309 1168 3390 primo
1183 3307 1246 3370 ictu
1261 3309 1316 3370 ba-

236 3394 333 3454 mndo
356 3402 493 3473 quassata
514 3394 658 3474 impetum
677 3394 863 3455 verberantis
884 3394 1055 3468 minuisset,
1077 3393 1202 3455 forsitan
1226 3393 1316 3456 etiam

236 3477 355 3540 brachia
368 3497 432 3539 mea
444 3487 592 3559 caputque
604 3479 749 3558 fregisset.
775 3479 906 3558 ingemui
918 3499 973 3560 ego
986 3481 1088 3560 utique
1099 3485 1224 3564 propter
1235 3496 1316 3542 mas·

324 3645 493 3711 8seplillnus
515 3645 580 3696 titre·
594 3645 725 3712 plerique.
760 3645 895 3698 vestifluus
917 3645 1067 3710 tumeam,
1089 3644 1243 3712 suppliciter
1265 3661 1315 3712 ego

239 3716 367 3779 temptavi
382 3714 385 3780 Ι
401 3713 476 3780 tuisl
493 3716 510 3766 9
528 3728 544 3766 o
562 3711 656 3766 Bacchi
677 3713 839 3783 detumeat
859 3717 891 3768 16
908 3728 970 3766 aura
988 3712 1137 3780 Pittoemfl
1156 3715 1188 3766 19
1206 3712 1291 3767 leslm
1309 3713 1313 3780 Ι

238 3779 336 3832 lactans
350 3781 391 3847 011
405 3784 438 3834 23
456 3786 562 3849 atraque
575 3781 638 3832 libri
649 3782 808 3848 interpolati
819 3782 828 3846 ΙΙ
842 3783 874 3834 25
886 3783 1063 3847 praemissum
1076 3780 1232 3834 Proselenos
1250 3797 1314 3835 auus

239 3846 271 3900 ad
288 3847 439 3916 Encolpium
454 3850 459 3916 Ι
474 3849 653 3904 consciderunt
671 3853 774 3903 conieci
783 3849 793 3918 l
812 3853 845 3904 26
863 3849 890 3900 in
907 3851 984 3900 nocte
999 3847 1089 3916 insol!
1105 3850 1139 3902 29
1157 3849 1288 3902 extricasti
1305 3849 1315 3918 ΙΙ

240 3917 272 3968 tl
290 3915 516 3981 maetuprationem
534 3917 752 3982 dangmarus
