2780 4480
574 149 714 241 eulaeus
816 189 822 196 .

590 323 695 386 LXIIII

213 429 341 500 Quidam
357 425 476 487 mollier
490 424 604 487 anseris
618 427 744 488 medulla

213 517 343 576 iuratum
358 511 439 572 venit
453 511 512 572 lruc
527 527 627 571 amore
642 530 771 591 poenae:

213 601 331 662 luretur
345 595 414 658 licet
429 613 532 674 usque,
550 613 611 657 nen
627 595 740 658 videbo.

605 747 680 810 LXV

213 850 269 912 llic
284 849 348 923 tibi,
364 849 415 928 qui
430 857 528 910 rostro
543 850 708 910 crescentia
720 850 778 911 lilia
794 853 908 925 mersit,

261 934 395 997 caeditur
409 953 425 994 e
441 933 540 1026 tepida
555 934 670 995 victima
685 953 795 1016 porcus
810 937 895 998 hara:

214 1039 253 1082 ne
268 1028 366 1081 tamen
383 995 550 1080 exanimum
567 1019 655 1082 facias
669 1039 761 1100 pecus
776 1040 875 1097 omne,
893 1023 1006 1102 Priape,

261 1104 339 1166 horti
355 1104 401 1178 sit,
418 1104 539 1178 lacius,
532 1122 619 1166 ranna
636 1105 734 1167 clausa
749 1107 802 1167 tul.

600 1256 689 1318 LXVI

214 1358 270 1432 Tu,
285 1374 362 1436 quae
377 1375 415 1418 ne
431 1357 528 1419 rideas
543 1366 644 1419 notam
659 1359 781 1434 virilem,
853 1411 870 1440 ,

214 1443 284 1504 hinc
296 1443 446 1516 auertenis,
462 1451 495 1502 ut
510 1441 594 1504 decet
609 1443 762 1523 pudicam:

215 1546 231 1588 a
246 1527 355 1589 mirum
370 1527 428 1590 nisi
444 1528 524 1606 qued
539 1526 625 1589 limes
639 1527 747 1601 videre,

215 1613 292 1673 intra
308 1613 420 1676 viscera
434 1611 546 1674 habere
560 1613 757 1692 concupiscis.

595 1763 697 1827 LXVII

215 1867 379 1948 Penelopes
394 1865 520 1945 primam
537 1866 659 1929 Didonis
674 1867 768 1947 prima
782 1877 925 1947 sequatur

262 1960 291 2014 et
305 1951 431 2032 primam
446 1949 547 2013 Cadmi
561 1950 671 2032 syllaba
687 1953 782 2031 prima
797 1953 890 2028 Remi,

215 2038 353 2116 quodque
367 2038 401 2098 dt
415 2055 450 2098 ex
465 2036 532 2111 illis,
548 2037 618 2098 mihi
633 2046 666 2099 tu
682 2037 848 2118 deprensus
862 2039 892 2100 in
909 2040 1006 2113 inerte,

261 2123 318 2196 lun,
334 2121 429 2184 dabis:
445 2123 500 2182 hac
515 2139 611 2201 poena
627 2122 713 2203 culpa
727 2123 834 2184 luenda
849 2132 898 2185 tua
913 2135 967 2186 est.

589 2273 706 2336 LXVIII

215 2375 354 2439 Rusticus
368 2375 487 2437 indocte
502 2375 527 2436 si
542 2374 613 2454 quid
629 2375 736 2438 dixisse
751 2373 881 2447 videbor,

262 2461 297 2522 da
313 2461 444 2522 ueniam:
460 2458 552 2521 libros
567 2479 628 2522 nen
645 2459 721 2540 lege,
737 2477 825 2541 poma
839 2457 915 2538 lego.

215 2546 266 2609 sed
281 2545 363 2608 rudis
377 2545 426 2607 hic
441 2545 594 2606 dominum
608 2546 718 2608 totiens
732 2543 833 2608 audire
848 2543 996 2624 legentem

261 2645 354 2710 cogor
369 2629 558 2692 Homeriacas
573 2630 738 2710 edidicique
754 2638 849 2694 netas

217 2715 265 2778 ille
280 2725 373 2790 vocat,
390 2715 467 2793 quud
484 2735 540 2778 nos
555 2712 683 2802 ψωλήν,
698 2711 868 2817 ψολόεντα
883 2713 1048 2801 κεραυνόν,
1124 2729 1138 2779 1

261 2813 290 2862 et
305 2800 383 2880 qued
400 2820 456 2862 nos
470 2800 579 2876 culum,
593 2798 730 2866 scudetis
744 2801 793 2863 ille
808 2809 902 2863 vocat.

215 2882 397 2984 μερδαλέον
412 2894 493 2948 certe
509 2886 566 2948 nIsi
581 2904 629 2948 res
645 2906 705 2948 nnn
721 2886 831 2947 munda
845 2895 976 2962 vocatur,

261 2979 292 3033 et
305 2971 485 3068 pedicosum
500 2971 632 3033 mentula
644 2969 787 3032 merdalea
803 2978 856 3032 est.

216 3053 352 3134 quid?
323 3075 380 3117 msr
373 3055 540 3117 Taenario
556 3055 714 3136 placuisset
730 3055 837 3118 'lucica
852 3072 953 3118 cunno

261 3140 401 3216 mentula,
418 3141 497 3220 quod
513 3148 641 3216 caneret,
658 3159 719 3202 non
736 3139 887 3202 habuisset
902 3159 987 3220 opus.
1110 3150 1138 3204 le

215 3226 345 3288 mentula
361 3225 531 3288 Tantalidae
545 3226 623 3288 hene
638 3225 663 3289 si
679 3245 740 3288 non
757 3233 824 3288 nata
839 3223 951 3300 fuisset,

261 3310 313 3386 nil,
328 3309 430 3373 senior
445 3310 571 3392 Chryses
586 3311 666 3393 quod
682 3304 869 3391 quereretuc,
883 3318 955 3372 enat.

213 3397 286 3458 hacc
301 3396 403 3458 eadem
417 3395 530 3458 socium
545 3405 648 3460 tenera
662 3395 797 3478 spoliavit
811 3395 911 3470 amica,

261 3499 396 3561 quaeque
411 3489 474 3542 erat
488 3481 640 3558 Aeacidae,
655 3481 759 3546 maluit
772 3500 836 3544 esse
850 3499 944 3548 suam

107 3637 227 3685 movente
251 3632 385 3684 Heium.
420 3635 522 3685 conieci
544 3631 684 3699 ilguds-
706 3634 826 3684 contenta
850 3645 902 3683 non
926 3632 965 3683 est
988 3629 1154 3708 prurieusqne

107 3699 172 3752 lxv
187 3703 199 3752 1
219 3699 308 3752 mersit
323 3701 327 3765 1
342 3703 358 3756 4
376 3698 492 3762 sertam
509 3699 543 3752 sit
560 3699 691 3767 posthaell
682 3699 807 3766 1111113
825 3699 942 3752 nimirum
959 3700 1009 3748 aul
1021 3696 1057 3748 nll
1069 3696 1160 3750 mirum

107 3767 194 3821 LXVII
213 3771 225 3820 i
245 3767 310 3822 nida
328 3767 369 3822 lec
386 3769 437 3822 alit·
454 3767 544 3832 (Didus
561 3767 714 3836 Heirm‘accll
735 3771 750 3822 3
769 3771 798 3820 tu
815 3766 877 3820 mihi
892 3767 1008 3832 plurimi
1023 3763 1033 3832 ΙΙ
1049 3763 1147 3819 vaffl
1164 3769 1180 3821 I

107 3836 288 3890 cerismeracss
309 3836 314 3903 1
335 3841 350 3891 c
369 3835 477 3904 pseleon
495 3836 540 3890 ille
557 3840 634 3890 vocet
651 3851 698 3890 nos
720 3833 789 3904 qued
811 3834 928 3916 poplenta
946 3847 1075 3890 ceraumn
1094 3832 1098 3901 1
1121 3834 1181 3888 did

107 3903 177 3974 qued
195 3905 245 3956 alii
259 3905 294 3972 11
314 3905 371 3969 nisi]
390 3905 413 3958 si
432 3906 559 3959 Wecom
574 3905 577 3972 1
594 3907 610 3958 9
627 3903 698 3972 quod
715 3904 791 3956 libri:
809 3902 854 3975 qui
872 3903 1015 3970 Heinsius!
1032 3905 1061 3956 11
1081 3904 1143 3956 ueta
