2772 4476
571 201 712 256 sinain
1126 203 1166 264 51

59 383 85 434 11
101 396 165 438 non
193 376 260 438 dei’.
296 372 397 456 {idem
424 385 453 437 et
474 375 608 438 Scintilla
628 378 702 438 flens
729 377 801 439 dixit
825 396 859 439 ac
884 397 939 458 per
964 381 1083 459 genium
1110 382 1173 444 eius
1256 413 1257 418 κ

97 462 204 525 Gaium
215 460 391 543 appellando
403 479 508 542 rogare
520 463 627 541 eoepit,
642 471 675 523 ut
690 481 721 523 se
731 464 890 542 frangeret.
915 483 976 526 non
989 466 1085 527 tenuit
1095 467 1172 528 ultra

95 546 232 610 lacrimas
257 546 434 607 Trimalchio
465 555 494 607 et
523 547 616 625 ‘rogo'
644 547 742 626 inquit
766 548 928 625 ‘Habinna,
955 550 997 612 sic
1022 552 1171 630 pecnhum

98 642 184 696 tuum
200 631 387 693 fruniscaris:
403 631 427 692 si
443 632 513 711 quid
525 637 682 712 perperam
697 633 763 708 feei,
778 633 809 694 in
825 633 928 695 faciem
945 653 1040 696 meam
1053 637 1170 716 inspue.

57 729 72 778 5
95 735 224 799 puerum
245 716 354 778 basiavi
375 716 620 796 frugalissimum,
643 736 705 780 non
728 728 851 797 propter
866 720 1004 795 formam,
1028 721 1079 782 sed
1101 722 1170 801 quia

93 804 175 882 frugi
192 810 251 864 est:
273 803 375 864 decem
390 809 489 881 partes
503 802 582 875 dicit,
604 802 713 863 librum
728 803 764 864 ah
788 803 874 865 oculo
896 805 981 885 legit,
1004 807 1168 868 thraecium

93 889 152 952 sihi
167 889 204 949 de
219 887 318 948 diariis
333 887 416 962 fecit,
441 887 639 948 archiselhum
654 889 690 949 de
711 907 765 950 suo
787 889 897 969 paravit
919 900 949 952 et
963 891 1035 953 duas
1057 891 1168 954 trullas.

95 994 158 1035 non
182 983 229 1035 est
249 973 357 1052 dignus
380 991 468 1051 quem
482 973 513 1033 in
530 973 623 1035 oculis
638 971 752 1034 feram?
773 976 825 1036 sed
840 973 1003 1037 Portunata
1016 984 1101 1037 vetat.
1127 978 1168 1038 ita

94 1059 149 1122 tihi
163 1058 293 1132 videtur,
309 1056 488 1146 fulcipedia‘l
508 1059 631 1136 suadeo,
646 1059 759 1121 honum
774 1067 858 1121 tuum
873 1078 1058 1140 concoquas,
1073 1062 1167 1138 milva,

43 1154 70 1203 ιθ
93 1157 123 1206 et
143 1162 191 1206 me
214 1162 275 1205 non
298 1143 387 1204 facias
406 1143 591 1223 cingentem,
613 1144 828 1220 amasiuncula;
853 1145 983 1224 alioquin
1006 1147 1167 1227 experieris

93 1229 253 1292 cerebrum
267 1246 375 1289 meum.
419 1229 498 1290 nosti
512 1247 576 1292 me:
598 1230 679 1307 quod
699 1230 790 1292 semel
804 1231 962 1303 destinavi,
986 1231 1065 1292 clavo
1082 1231 1167 1292 tabu·

92 1316 148 1376 lari
162 1316 254 1375 fixum
270 1321 322 1375 est.
358 1313 410 1374 sed
424 1313 557 1374 vivorum
572 1314 803 1376 meminerimus.
838 1335 890 1377 vos
904 1333 995 1394 rogo,
1016 1317 1118 1391 amici,
1135 1326 1168 1378 ut

92 1399 176 1462 vohis
191 1397 319 1461 suaviter
334 1398 380 1460 sit.
410 1417 479 1459 nam
494 1417 548 1478 ego
565 1417 685 1478 quoque
706 1406 766 1460 tam
779 1399 823 1460 fui
838 1418 927 1479 quam
941 1420 993 1463 vos
1008 1402 1091 1477 estis,
1114 1401 1167 1464 sed

90 1487 200 1547 virtute
216 1501 280 1546 mea
300 1483 336 1544 ad
358 1484 416 1544 hoo
435 1483 567 1562 perveni.
598 1484 750 1547 cercillum
765 1494 810 1546 est
830 1487 910 1564 quod
932 1487 1067 1550 homines
1088 1488 1166 1562 facit,

44 1579 71 1629 15
92 1580 191 1632 cetera
214 1568 371 1649 quisquilia
394 1569 500 1630 omnia.
538 1567 635 1630 “bene
657 1587 739 1644 emo,
766 1568 843 1631 hene
864 1570 993 1647 vendo'';
1016 1571 1089 1633 alius
1110 1572 1166 1632 alia

90 1655 174 1718 vohis
200 1655 286 1716 dicet.
323 1653 461 1714 felicitate
487 1653 607 1714 dissilio.
636 1661 670 1714 tu
702 1661 814 1728 autem,
842 1655 977 1728 sterteia,
1004 1656 1166 1717 etiamnum
1263 1689 1267 1697 ,

90 1738 211 1821 ploras?
240 1741 298 1803 iam
324 1737 451 1814 curabo,
480 1738 571 1800 fatum
596 1746 680 1799 tuum
703 1739 812 1819 plores.
851 1733 934 1815 sed,
949 1749 982 1801 ut
1010 1759 1166 1820 coeperam

90 1827 204 1901 dicere,
221 1825 257 1886 ad
272 1825 349 1885 hanc
362 1841 410 1884 me
426 1824 576 1884 fortunam
590 1823 741 1904 frugalitas
756 1842 820 1885 mea
835 1822 981 1904 perduxit.
1009 1833 1068 1886 tam
1083 1844 1165 1903 mag-

91 1931 149 1974 nus
164 1930 200 1972 ex
214 1910 281 1972 Asia
297 1909 381 1984 veni,
404 1927 491 1988 quam
506 1909 554 1970 hic
570 1909 765 1971 candelabrus
780 1918 833 1970 est.
862 1911 898 1970 ad
914 1913 1072 1986 summam,
1090 1930 1165 1990 quo·

38 2005 68 2056 20
88 1997 158 2059 tidie
180 2013 227 2056 me
250 1993 380 2057 solebam
398 1996 434 2057 ad
456 1993 536 2055 illum
559 1995 672 2069 metiri,
695 2003 725 2056 et
745 2002 779 2056 ut
799 1994 925 2058 celerius
944 2004 1074 2058 rostrum
1096 1995 1165 2056 har·

90 2082 191 2143 batum
212 2080 370 2154 haberem,
392 2079 473 2140 labra
494 2079 529 2140 de
551 2079 674 2140 lucerna
696 2079 853 2159 ungeham.
880 2089 979 2142 tamen
995 2082 1030 2141 ad
1046 2081 1165 2143 delicias

90 2162 224 2252 [femina]
240 2165 337 2244 ipsimi
353 2160 489 2247 [domini]
505 2183 601 2226 annos
613 2165 846 2243 quattuordecim
858 2166 910 2227 fui.
939 2185 996 2228 nec
1006 2175 1094 2245 turpe
1110 2175 1164 2242 est,

89 2253 170 2332 quod
185 2250 325 2312 dominus
339 2249 430 2310 iuhet.
460 2267 515 2328 ego
537 2256 635 2310 tamen
656 2260 687 2310 et
708 2250 829 2329 ipsimae
845 2247 1006 2333 [dominae]
1028 2250 1097 2312 satis
1118 2251 1162 2311 fa-

88 2337 213 2400 ciebam.
255 2334 352 2409 scitis,
375 2333 445 2412 quid
460 2333 571 2395 dicam:
593 2343 693 2406 taceo,
718 2333 863 2412 quianon
885 2354 950 2396 sum
965 2337 1001 2396 de
1016 2335 1161 2414 gloriosis.

38 2431 64 2482 25
87 2431 238 2495 ceterum,
265 2417 511 2499 quemadmodum
536 2418 564 2496 di
591 2418 709 2493 volunt,
735 2419 873 2482 dominus
896 2420 927 2480 in
954 2420 1042 2481 domo
1057 2422 1162 2500 Lfactos
1181 2421 1220 2484 76

87 2523 163 2582 sum,
184 2515 214 2568 et
234 2523 303 2566 ecce
325 2503 391 2584 cepi
411 2503 509 2583 ipsimi
529 2502 718 2565 cerebellum.
759 2504 829 2583 quid
850 2503 963 2566 multa?
985 2506 1162 2567 coheredem

86 2612 136 2654 me
160 2591 276 2654 Caesari
302 2589 386 2665 fecit,
413 2598 443 2650 et
467 2588 567 2668 accepi
591 2589 801 2669 patrimonium
825 2590 1009 2653 laticlaviam.
1050 2591 1162 2652 nemini

86 2689 186 2740 tamen
208 2675 281 2739 nihil
303 2675 373 2737 satis
394 2684 447 2738 est.
483 2675 639 2755 concupivi
659 2675 814 2755 negotiari.
845 2695 884 2738 no
904 2677 1003 2738 multis
1024 2695 1075 2738 vos
1096 2695 1161 2738 mo-

85 2783 150 2838 rer,
178 2761 311 2841 quinque
333 2779 422 2822 naves
445 2758 608 2833 aedificavi,
634 2761 752 2821 oneravi
770 2761 873 2822 vinum
892 2795 932 2808 -
955 2771 986 2823 et
1004 2770 1077 2822 tunc
1098 2770 1162 2822 erat

36 2857 63 2909 tu
84 2855 191 2910 contra
205 2864 310 2907 aurum
325 2879 366 2892 -
381 2844 448 2906 misi
463 2845 595 2906 Romam.¹
625 2853 744 2924 putares
765 2865 813 2907 me
828 2847 884 2908 hoc
899 2846 1034 2910 iussisse:
1057 2861 1160 2908 omnes

86 2950 179 3000 naves
194 2933 417 3011 naufragarunt,
433 2930 558 3004 factum,
575 2949 636 2990 non
651 2928 759 2992 fabula.
789 2950 850 2992 uno
866 2931 913 2992 die
927 2932 1084 3011 Neptunus
1098 2940 1159 2992 tre-

85 3017 200 3081 centies
214 3016 382 3080 sestertium
396 3014 552 3076 devoravit.
582 3014 691 3095 putatis
711 3033 759 3076 me
778 3014 941 3078 defecisset
964 3035 1024 3077 non
1040 3014 1158 3076 meher-

85 3103 168 3164 cules
190 3102 230 3164 mi
252 3103 324 3162 haec
346 3101 457 3162 iactura
479 3099 557 3180 gusti
579 3099 650 3174 fuit,
674 3108 815 3179 tanquam
837 3100 910 3161 nihil
932 3100 1010 3161 facti.
1054 3100 1158 3162 alteras

85 3189 144 3250 feci
164 3188 291 3249 maiores
316 3194 346 3248 et
366 3186 503 3247 meliores
526 3193 555 3245 et
575 3184 735 3261 feliciores,
759 3193 792 3245 ut
814 3203 902 3247 nemo
924 3204 986 3246 non
1001 3184 1158 3247 merirum

38 3281 62 3332 tt
83 3276 194 3335 fortem
215 3272 336 3332 diceret.
365 3271 460 3343 scitis,
486 3288 594 3350 magna
616 3270 698 3332 navis
718 3287 855 3349 magnam
877 3269 1080 3331 fortitudinem
1105 3271 1157 3332 ha-

83 3359 147 3420 het.
178 3354 298 3415 onerari
312 3373 416 3417 rursus
430 3355 541 3429 vinum,
556 3354 681 3432 lardum,
696 3354 801 3430 faham,
817 3355 984 3435 seplasium,
999 3355 1156 3437 mancipia.

84 3446 144 3506 hoc
165 3440 232 3501 loco
249 3437 410 3499 fortunata
433 3458 496 3500 rem
517 3440 594 3519 piam
615 3441 701 3516 fecit;
722 3458 811 3502 omne
831 3441 910 3503 enim
933 3459 1038 3502 aurum
1059 3459 1156 3516 suum,

85 3525 187 3590 omnia
201 3522 373 3585 vestimenta
388 3524 517 3584 vendidit
537 3533 566 3586 et
580 3525 620 3586 mi
642 3534 761 3587 centum
777 3544 883 3588 aureos
897 3527 928 3588 in
943 3545 1034 3587 manu
1048 3528 1156 3606 posuit.

85 3614 143 3674 hoc
158 3610 215 3672 fuit
236 3607 342 3689 peculii
363 3607 422 3668 mei
442 3607 630 3671 fermentum.
660 3610 718 3672 cito
740 3611 786 3687 fit,
808 3613 888 3690 quod
909 3612 938 3672 di
952 3611 1064 3672 volunt.
1093 3629 1155 3671 uno

170 3831 186 3881 2
204 3832 233 3880 ut
250 3826 404 3894 effraugeret
422 3825 432 3893 ll
452 3827 466 3875 l
484 3823 647 3877 artissellium
665 3826 749 3876 deleta
763 3827 859 3890 priore
876 3825 914 3894 Sl
934 3829 951 3878 9
968 3828 1068 3878 rectius
1085 3826 1155 3880 fulti·

86 3897 160 3966 pedia
178 3901 227 3948 aut
243 3895 392 3964 fulcripedia
411 3893 421 3962 ll
441 3897 472 3946 ld
490 3892 589 3961 faciesll
609 3895 640 3946 31
660 3896 790 3959 neptunno
810 3893 819 3961 ll
838 3896 870 3946 33
889 3893 984 3946 factum
1001 3900 1032 3946 ot
1047 3897 1155 3947 videtur

80 3968 172 4032 pra‘mo
190 3968 250 4016 erat
265 3967 395 4031 seriptum
408 3963 462 4033 1135
481 3961 531 4015 scis

910 4048 949 4100 4*
