2780 4480
699 159 846 220 cnunuun

704 333 838 396 XXXlllI

342 440 414 502 Cum
430 456 547 502 sacrum
562 440 646 500 fieret
661 437 717 498 deo
732 436 830 510 salaci,

341 526 487 587 conducta
503 532 547 586 est
561 522 658 603 pretio
673 521 770 602 puella
785 539 874 601 parvo

341 610 508 671 communis
522 609 592 670 satis
607 605 746 668 omnibus
762 607 874 667 lutura:

343 712 418 774 quae
434 702 506 773 quot
522 701 609 755 nocte
623 692 703 753 vlros
717 689 831 770 peregit
845 707 915 762 una,
940 700 942 704 ·

342 788 386 840 tot
399 797 504 858 verpas
518 779 572 840 tibi
585 777 701 840 dedicat
715 775 851 856 salignas.

721 925 823 988 XXXV

343 1032 529 1104 Pedicabere,
544 1033 602 1105 lur,
617 1030 722 1102 semel;
739 1032 790 1092 sed
805 1029 881 1092 idem

343 1118 367 1180 si
383 1118 548 1196 deprensus
563 1116 621 1176 eris
635 1115 691 1190 bis,
706 1115 865 1175 irrumabo.

343 1203 421 1280 quod
437 1201 460 1262 si
475 1201 560 1262 tertia
576 1201 653 1261 lurta
668 1199 807 1274 molieris,

343 1295 377 1346 ut
391 1304 519 1367 poenam
534 1285 644 1365 patiare
661 1292 690 1345 et
705 1286 781 1346 hanc
796 1291 827 1344 et
840 1283 928 1358 illam,

343 1370 526 1451 pedicaberis
541 1369 801 1448 irrumaberisque.

714 1537 832 1602 XXXVI

344 1641 435 1704 Notas
449 1640 591 1702 habemus
607 1641 732 1720 quisque
748 1639 882 1721 corporis
898 1641 1021 1700 formas:

344 1726 480 1787 Phoebus
496 1744 642 1800 comosus,
658 1725 801 1788 Hercules
816 1725 987 1799 lacertosus,

344 1810 434 1886 trahit
448 1812 572 1889 figuram
587 1810 710 1889 virginis
724 1818 810 1871 tener
825 1810 968 1884 Bacchus,

344 1895 475 1956 Minerva
490 1912 559 1956 ravo
576 1894 687 1955 lumine
703 1903 756 1969 est,
770 1893 871 1956 Venus
885 1902 981 1975 paeto,

345 1979 443 2040 fronte
459 1979 581 2040 crinitos
595 1978 724 2040 Arcades
739 1978 819 2040 vides
834 1977 962 2054 Faunos,

344 2063 432 2125 babet
447 2063 587 2125 decentes
602 2064 726 2150 nuntius¹
741 2062 828 2124 deum
844 2064 970 2144 plantae,

344 2149 435 2212 tutela
449 2147 554 2209 Lemni
570 2149 702 2229 dispares
716 2149 814 2212 moret
828 2168 958 2229 gressus,
1035 2186 1036 2189 =

345 2232 462 2296 intonsa
478 2252 596 2314 semper
611 2234 785 2315 Aesculapio
801 2233 894 2296 barba
908 2243 962 2308 est,

346 2338 434 2383 nemo
450 2328 494 2381 est
508 2320 600 2382 feroci
615 2320 801 2400 pectorosior
815 2319 921 2382 Marte:

347 2406 425 2488 quod
441 2405 466 2466 si
480 2405 546 2485 quis
560 2406 639 2466 inter
652 2407 708 2468 hos
723 2406 806 2467 locus
821 2405 893 2467 mihi
909 2411 1007 2478 restat,

347 2490 419 2551 deus
434 2490 539 2570 Priapo
555 2490 746 2552 mentulatior
761 2509 823 2552 non
839 2498 893 2552 est.

711 2655 842 2718 XXXVII

347 2755 406 2817 Cur
419 2756 530 2835 plotum
546 2757 670 2818 memori
685 2758 767 2819 sitin
784 2758 889 2820 tabclla

346 2839 523 2914 membrum,
539 2841 689 2920 quaeritis,
704 2843 784 2904 unde
799 2841 1012 2922 procreamur?

347 2945 413 2988 cum
431 2926 517 3007 penis
531 2926 603 2987 mihi
618 2926 694 2990 sorte
709 2929 806 2992 laesus
821 2936 899 2992 esset

347 3012 574 3092 chirurgamque
589 3030 711 3075 manum
726 3013 816 3076 miser
830 3014 975 3088 timerem,

348 3097 392 3160 dis
407 3116 453 3160 me
469 3097 606 3177 legitimis
621 3099 768 3178 nimisque
784 3100 906 3180 magnIs,

347 3191 381 3244 ut
395 3182 516 3244 Phoebo
531 3190 601 3262 puta
617 3184 736 3262 filioque
751 3183 872 3258 Phoebi,

347 3275 481 3329 curatum
497 3267 567 3328 dare
581 3267 741 3329 mentulam
756 3267 888 3330 verebar.

348 3351 417 3413 huic
432 3352 503 3414 dlxi:
520 3353 575 3414 ‘ler
591 3371 687 3434 opem,
703 3352 818 3434 Priape,
833 3353 919 3433 parti,

348 3435 433 3496 culus
449 3445 489 3511 tu,
504 3444 598 3515 pater,
613 3437 677 3517 ipse
692 3455 760 3517 pars
774 3437 896 3502 videris:

242 3571 445 3582 u—-u—n-

326 3635 418 3688 XXXV
436 3639 451 3690 2
469 3637 492 3688 si
509 3637 624 3703 precisus
641 3643 690 3692 aut
707 3653 814 3705 prensus
833 3641 898 3704 eris,
922 3639 994 3692 unde
1016 3642 1042 3691 te
1060 3637 1082 3688 si
1100 3650 1206 3704 prensus
1223 3636 1299 3688 oonte-

243 3719 343 3771 cernm,
367 3706 503 3773 praedatus
521 3705 700 3758 Boebremc'ue
717 3708 727 3773 ll
738 3705 842 3758 XXXVI
860 3711 875 3760 4
893 3707 961 3758 llavo
976 3704 981 3772 l
998 3709 1012 3756 5
1031 3705 1140 3758 frontem
1158 3704 1245 3770 uolgo,
1262 3715 1297 3754 ca·

242 3771 329 3837 pricos
346 3773 377 3828 L.
396 3773 553 3836 Muellerus,
571 3775 737 3840 devotarum
755 3775 875 3827 decidero
892 3779 925 3826 ut
940 3774 966 3825 in
984 3771 1068 3824 fronte
1086 3787 1179 3826 cornua
1197 3770 1296 3827 Arcados

242 3837 316 3892 uides
327 3839 405 3894 Fauni
420 3844 425 3907 l
442 3845 473 3894 10
485 3840 548 3896 baec
562 3839 573 3908 ΙΙ
583 3840 723 3897 xxxvus
742 3843 961 3908 chirurgicamque
974 3838 1076 3904 ptores,
1094 3841 1224 3908 cimglqne
1236 3842 1297 3894 rau·

242 3907 383 3958 amuranus
398 3907 432 3974 l'l
452 3905 587 3962 curandam
605 3908 674 3980 alia'l
690 3912 705 3961 9
723 3910 780 3975 lpse
797 3924 843 3975 par
