2768 4480
212 187 275 250 234
676 187 821 241 SENECAE

215 365 303 426 deum
319 363 433 424 elleuri:
449 361 624 436 tubicinum,
641 361 837 435 cornicinum,
853 363 950 424 omnis
964 363 1084 440 generis
1098 373 1288 427 aeneatorum
1365 383 1366 416 1

213 457 296 511 tanta
317 447 414 521 turba,
437 455 537 508 tantus
559 455 734 520 concentus,
756 456 789 506 ut
804 447 891 508 etiam
908 447 1047 510 Claudius
1063 449 1167 510 audire
1182 462 1290 530 posset.

215 553 319 596 omnes
330 533 408 605 laeti,
424 533 546 596 hilares:
564 532 692 613 populus
705 532 857 593 llomanus
871 533 1040 594 ambulabat
1049 542 1193 613 tanquam
1205 535 1289 597 liber.

215 621 329 700 Agatho
344 627 375 680 et
387 618 475 698 pauci
490 617 629 678 causidici
644 616 809 696 plorabant,
832 618 885 678 scd
900 618 988 698 plane
1003 637 1039 679 ex
1061 619 1172 680 animo.
1202 620 1290 682 iuris-

215 705 344 768 consulti
359 723 375 764 e
389 702 522 765 tenebris
532 701 743 783 procedebant,
759 702 869 781 pallidi,
885 703 1017 781 graciles,
1033 703 1079 764 vix
1095 705 1225 766 animam
1240 706 1291 766 ba·
1310 715 1322 761 t

215 790 330 862 bentes,
345 797 485 868 tanquam
503 788 630 867 quitum
641 787 765 848 maxime
781 787 997 850 reviviscerent.
1024 806 1060 848 ex
1071 789 1119 850 his
1132 808 1213 852 unus
1224 809 1289 852 cum

214 874 334 938 vidisset
345 874 441 954 capita
452 874 641 935 conferentes
653 883 682 933 et
693 873 827 934 fortunas
838 891 905 934 suas
917 873 1106 956 deplorantes
1116 875 1291 948 causidicos,

215 960 328 1021 accedit
351 967 379 1020 et
402 960 457 1020 ait:
481 957 622 1020 ‘dicebam
643 958 742 1019 vobis:
770 976 831 1018 333
854 975 971 1037 semper
993 957 1161 1021 Saturnalia
1184 961 1290 1022 erunt'.

134 1075 139 1086 ·
216 1044 354 1107 Claudius
376 1052 410 1104 ut
429 1043 500 1104 vidit
520 1045 610 1105 funus
632 1062 728 1116 suum,
751 1042 894 1103 intellexit
917 1061 948 1104 se
965 1052 1117 1105 mortuum
1133 1063 1208 1107 esse.
1246 1046 1291 1106 in-

216 1133 297 1209 genti
313 1130 392 1192 enim
407 1125 540 1212 μεγάλῳ
552 1129 674 1211 χορικῴ
691 1127 796 1189 333313
812 1128 987 1190 cantabatur
1001 1131 1185 1210 anapaestis:
1312 1138 1335 1188 td

410 1213 535 1274 ‘fundite
551 1215 646 1288 lletuS,
663 1213 739 1274 edite
754 1213 901 1292 planctus,

420 1307 540 1359 resonet
555 1298 631 1359 tristi
642 1298 772 1359 clamore
787 1299 901 1358 lorum:

421 1382 525 1444 cecidit
540 1383 664 1462 pulchre
680 1384 819 1445 cordatus
834 1383 932 1458 bomo,

423 1486 483 1546 quo
500 1486 561 1529 non
578 1468 653 1529 alius
668 1469 724 1529 fuit
738 1469 769 1528 iu
786 1476 849 1528 toto

421 1553 525 1614 fortior
540 1553 622 1614 orbe.

421 1639 470 1699 ille
485 1639 574 1700 citato
589 1637 707 1700 vincere
723 1655 814 1699 cursu

420 1731 538 1803 poterat
552 1723 673 1796 celeres,
687 1723 736 1784 ille
751 1722 877 1784 rebelles

422 1809 546 1870 l'undere
561 1808 686 1870 Parthos
700 1806 873 1886 levibusque
888 1809 972 1888 sequi

422 1893 542 1955 Persida
557 1893 632 1967 telis,
649 1901 788 1971 certaque
804 1911 893 1954 manu

421 1978 543 2038 tendere
559 1996 692 2053 nervum,
708 1978 759 2056 qui
775 1979 950 2057 praecipites
1090 1989 1118 2040 tb

421 2063 543 2123 vulnere
558 2081 649 2143 parvo
663 2064 768 2140 sugeret
781 2063 891 2138 hostes

421 2147 559 2227 pictaque
574 2148 650 2209 lledi
665 2157 748 2227 terga
763 2148 884 2227 fugacis.

422 2233 471 2294 ille
486 2233 645 2295 Britannos
659 2233 736 2294 ultra
752 2233 816 2294 noti

421 2317 508 2380 litora
523 2319 608 2398 ponti

423 2412 451 2464 et
466 2404 619 2465 caeruleos
634 2410 716 2464 scuta
732 2401 886 2480 Brigantas

423 2488 493 2550 dare
508 2488 659 2550 Romuleis
675 2487 748 2549 colla
765 2487 876 2548 catenis

423 2574 507 2635 iussit
522 2581 552 2634 et
566 2573 662 2653 ipsum
679 2590 754 2633 nova
769 2573 919 2633 Romanae

423 2657 486 2718 iura
502 2659 615 2719 securis
629 2666 757 2718 tremere
773 2656 935 2718 Oceanum.

423 2742 527 2802 deflete
542 2742 647 2816 virum,
663 2759 723 2820 quo
739 2760 800 2802 333
816 2742 891 2805 alius

423 2827 519 2905 potuit
534 2826 620 2888 citius
635 2826 749 2889 discere
765 2844 876 2900 causas,

423 2929 483 2972 una
497 2919 612 2972 tantum
627 2922 711 2992 parte
727 2909 833 2984 audita,

423 3015 510 3078 saepe
523 3005 647 3059 neutra.
679 2997 744 3076 quis
760 3015 842 3058 nunc
857 2995 945 3058 iudex

423 3091 486 3144 toto
501 3083 568 3144 lites
583 3082 680 3144 audiet
695 3080 799 3143 anruo‘l

423 3167 477 3229 tibi
493 3168 549 3228 iam
566 3167 652 3229 cedet
666 3168 735 3229 sede
751 3167 862 3240 relicta,

424 3253 536 3332 quidet
551 3252 663 3333 populo
678 3253 743 3314 iura
757 3251 864 3326 silenti,

425 3338 543 3399 Cretaea
559 3347 665 3400 tenens
681 3337 789 3417 oppida
804 3344 934 3398 centum.

423 3423 535 3484 caedite
551 3423 669 3484 maestis
683 3432 805 3502 pectora
820 3421 934 3501 palmis,

424 3527 440 3568 o
457 3508 606 3582 causidici,
621 3507 724 3569 venale
739 3525 843 3587 genus.

422 3611 533 3671 vosque
549 3600 654 3672 poetae
668 3592 766 3672 lugete
781 3591 859 3666 novi,

422 3695 533 3757 vosque
549 3677 578 3738 in
595 3677 698 3756 primis
714 3677 764 3756 qui
780 3694 927 3738 concusso
1090 3685 1118 3735 33

423 3781 529 3843 magna
544 3763 668 3843 parastis
682 3762 763 3824 lucra
779 3761 899 3823 fritillo!

307 3912 319 3961 t
333 3914 480 3962 senatorum
491 3910 501 3978 ΙΙ
516 3914 530 3963 6
544 3925 601 3962 333
618 3911 689 3976 31311
703 3913 718 3962 9
736 3911 840 3974 lugente
858 3913 968 3975 conieci,
984 3907 1165 3980 μεγαληγορίᾳ
1179 3907 1284 3974 1333311

221 3983 253 4033 15
268 3983 334 4043 pulo
352 3977 488 4038 3113131121
510 3981 537 4027 et
554 3980 643 4026 neutra
661 3977 743 4025 editio
758 3978 884 4040 princeps
