2780 4480
546 187 687 242 suttune
1113 188 1152 250 83
1338 193 1351 223 ⁹

37 365 58 418 t
78 367 221 440 uuquam
236 360 267 422 in
283 361 449 441 pestilentia
464 361 601 441 campos',
624 363 655 424 in
671 363 780 442 quihus
795 364 867 425 nihil
882 364 960 425 aliud
975 374 1020 427 est
1035 365 1091 428 nisi
1107 385 1155 428 ca·

75 446 194 520 davera,
210 465 286 525 quae
300 447 477 522 lacerantur,
492 455 544 508 aut
559 448 648 521 corvi,
663 449 714 527 qui
730 449 869 510 lacerant'

609 553 627 591 *

164 615 343 696 prudentior
368 615 532 698 Eumolpus
553 619 699 680 convertit
723 618 759 679 ad
780 618 938 679 novitatem
959 620 1002 681 rei
1024 629 1155 682 mentem
1175 621 1234 683 117

76 720 236 781 genusque
251 700 440 764 divinationis
460 703 517 763 sibi
539 722 601 763 non
624 702 780 783 displicere
801 705 955 766 consessus
975 712 1028 766 est.
1063 705 1154 768 iocari

41 796 55 844 5
77 806 133 866 ego
149 803 254 850 senem
268 787 383 866 poetica
405 786 519 848 levitate
534 787 706 859 credebam,
731 806 798 849 cnm
820 788 869 850 ille
890 788 1012 850 ‘utinam
1035 791 1155 870 quidem

75 874 230 936 sufficeret
244 871 354 951 largior
368 889 489 948 scaena,
510 873 600 934 idest
620 874 707 936 vestis
728 873 900 949 humanior,
921 874 1153 937 instrumentum

76 958 202 1032 lautius,
217 958 297 1036 quod
312 957 468 1036 praeberet
481 958 636 1019 mendacio
651 959 752 1020 fldem:
769 977 831 1019 non
846 960 1032 1022 mehercules
1046 978 1154 1040 penam

75 1044 166 1106 istam
190 1043 358 1115 differrem,
384 1042 435 1104 sed
462 1044 606 1105 continuo
631 1062 684 1105 vos
709 1043 745 1104 ad
770 1061 892 1123 magnas
913 1063 985 1124 opes
1005 1047 1152 1108 ducerem.

77 1127 183 1208 atquin
206 1127 365 1207 promitto,
388 1127 528 1207 quicquid
549 1129 694 1208 exigeret,
721 1128 881 1190 dummodo
903 1130 1034 1209 placeret
1054 1133 1152 1206 vestis,

30 1219 55 1269 tc
76 1214 203 1293 rapinae
228 1230 342 1286 comes,
373 1221 403 1272 et
428 1213 567 1292 quicquid
595 1213 723 1294 Lycurgi
748 1214 813 1274 villa
839 1215 1040 1293 grassantibus
1066 1235 1152 1295 prae·

76 1299 201 1360 buisset.
238 1315 306 1358 narn
327 1314 465 1364 nummos
486 1299 516 1360 in
539 1307 727 1378 praesentem
746 1316 833 1360 usum
855 1301 943 1360 deum
958 1309 1081 1360 matrem
1096 1319 1152 1380 pro

76 1384 134 1445 lide
149 1401 205 1444 sua
219 1381 410 1444 reddituram'
990 1415 992 1420 ·
1236 1389 1239 1396 ’

165 1539 247 1632 ‘quid
262 1552 343 1632 ergo'
358 1551 456 1630 inquit
466 1551 631 1631 Eumolpus
643 1558 800 1615 ‘cessamus
811 1553 935 1614 mimum
947 1553 1153 1633 componere?

77 1639 166 1701 laeite
180 1656 253 1716 ergo
268 1655 316 1698 me
336 1637 506 1710 dominum,
528 1637 552 1696 si
568 1637 727 1715 negotiatio
743 1637 860 1716 placet?
890 1656 977 1699 nemo
998 1657 1087 1700 ausus
1108 1648 1154 1701 est

33 1731 57 1780 te
77 1738 172 1786 artem
192 1724 333 1786 damnare
348 1721 422 1783 nihil
437 1722 629 1783 auferentem.
659 1722 758 1802 itaque
772 1732 804 1783 ut
820 1723 940 1784 duraret
954 1724 1034 1785 inter
1048 1742 1153 1786 omnes

76 1818 176 1872 tutum
196 1807 396 1882 mendacium,
418 1807 449 1868 in
471 1806 559 1868 verba
580 1806 718 1888 Eumolpi
739 1817 957 1892 sacramentum
978 1809 1153 1872 iuravimus:

77 1896 133 1970 uri,
148 1893 271 1968 vinciri,
286 1892 436 1955 verberari
450 1892 590 1970 terreque
605 1894 721 1965 necari,
738 1903 768 1954 et
782 1893 921 1973 quicquid
937 1894 1015 1956 aliud
1031 1895 1152 1956 liumol·

78 1999 135 2060 pus
149 1979 292 2042 iussisset.
314 1987 456 2056 tanquam
470 1977 593 2056 legitimi
613 1978 790 2057 gladiatores
811 1979 933 2040 domino
948 1997 1073 2059 corpora
1088 1981 1153 2041 ani-

78 2083 202 2144 masque
223 2063 441 2143 religiosissime
460 2062 630 2124 addicimus.
668 2071 735 2143 post
760 2074 913 2145 peractum
935 2075 1152 2127 sacramentum

34 2155 58 2205 2⁰
77 2151 222 2213 serviliter
242 2149 302 2210 ficti
323 2148 476 2210 dominnm
498 2148 732 2222 consalutamus,
760 2150 927 2229 elatumque
947 2151 983 2210 ab
1005 2150 1152 2230 Eumolpo

63 2237 171 2297 'hlium
186 2236 299 2315 pariter
313 2233 522 2305 condiscimus,
537 2233 673 2293 iuvenem
689 2234 819 2313 ingentis
833 2234 1020 2312 eloquentiae
1035 2243 1065 2294 et
1078 2235 1151 2314 spei,

78 2322 205 2400 ideoque
221 2321 256 2380 de
272 2319 386 2380 civitate
400 2335 453 2380 sua
467 2317 664 2378 miserrimum
680 2336 782 2380 senem
793 2320 897 2392 exisse,
913 2337 952 2379 ne
966 2327 1017 2379 aut
1028 2319 1152 2380 clientes

78 2405 253 2484 sodalesque
276 2405 327 2465 filii
349 2404 394 2465 sui
414 2412 464 2463 aut
484 2403 656 2482 sepulcrum
679 2402 810 2482 quotidie
831 2421 949 2464 causam
963 2403 1152 2464 lacrimarum

79 2499 224 2553 cerneret.
259 2489 416 2551 accessisse
439 2488 506 2548 huic
528 2486 662 2549 tristitiae
682 2488 851 2567 proximum
868 2488 1068 2568 naufragium,
1091 2507 1151 2568 quo

34 2575 313 2656 comprimentes
339 2573 505 2636 sestertium
533 2573 678 2649 amiserit3
704 2591 759 2634 nec
784 2573 867 2634 illum
893 2574 1004 2635 iactura
1029 2575 1151 2648 moveri,

78 2663 129 2723 sed
143 2661 315 2724 destitutum
331 2658 495 2720 ministerio
508 2677 569 2719 nnn
582 2675 743 2736 agnoscere
759 2659 931 2738 dignitatem
941 2677 1035 2720 suam.
1065 2677 1151 2738 prae·

78 2757 158 2808 terea
172 2746 283 2808 habere
298 2746 329 2805 in
346 2744 442 2806 africa
457 2743 617 2806 trecenties
629 2744 797 2806 sestertium
809 2745 909 2806 lundis
919 2745 1153 2823 nominibusque

79 2832 258 2913 depositum3
273 2848 342 2892 nam
358 2829 496 2890 familiam
511 2829 630 2908 quidem
645 2837 703 2890 tam
725 2847 862 2908 magnam
878 2848 933 2909 per
947 2849 1033 2910 agros
1048 2830 1151 2891 Numi-

79 2917 142 2980 diae
156 2935 222 2980 esse
237 2933 385 2996 sparsam,
408 2922 441 2975 ut
454 2915 548 2993 possit
561 2914 607 2974 vel
622 2913 827 2995 Carthaginem
842 2933 957 2994 capere.
986 2914 1151 2976 secundnm

33 3002 58 3054 ³⁰
77 3003 153 3064 hanc
175 3002 332 3063 turmulam
355 3001 535 3078 imperamus
556 2998 718 3079 Eumolpo,
739 3008 773 3060 ut
793 3000 954 3078 plurimum
976 3000 1095 3068 tussiat,
1117 3009 1151 3060 ut

79 3088 116 3149 sit
134 3088 224 3150 modo
251 3085 400 3148 solutioris
425 3085 567 3146 stomachi
595 3085 737 3163 cibusque
763 3103 868 3146 omnes
893 3085 988 3164 p'alam
1014 3085 1149 3160 damnet3

79 3172 217 3252 loquatur
231 3189 337 3233 aurum
352 3179 382 3231 et
397 3178 552 3249 argentum
568 3171 736 3248 fundosque
755 3171 912 3231 mendaces
927 3178 957 3229 et
976 3177 1151 3248 perpetuam

79 3265 224 3319 terrarum
236 3256 436 3331 sterilitatem3
452 3255 552 3317 sedeat
565 3264 717 3335 praeterea
734 3255 864 3334 quotidie
876 3254 910 3315 ad
923 3254 1053 3316 rationes
1064 3253 1150 3316 tabu-

77 3342 178 3422 lasque
192 3341 361 3405 testamenti
376 3339 515 3401 omnihus
529 3341 673 3402 mendice
687 3349 818 3400 renovet.
848 3347 878 3400 et
892 3340 1011 3419 nequid
1026 3357 1150 3401 scaenae

13 3455 15 3460 v
33 3429 58 3479 35
79 3428 201 3504 deesset,
214 3427 450 3506 quotiescunque
461 3425 588 3504 aliquem
600 3434 736 3487 nostrum
748 3443 853 3486 vocare
864 3433 1045 3504 temptasset,
1061 3425 1149 3485 alium

78 3530 133 3592 pro
147 3514 204 3575 allo
218 3519 352 3584 vocaret,
376 3519 409 3572 ut
423 3509 508 3572 lacile
522 3507 678 3591 appareret
692 3510 844 3572 dominum
866 3511 954 3572 etiam
970 3529 1073 3572 eornm
1087 3528 1150 3570 rne-

78 3597 207 3673 minisse,
224 3598 275 3676 qui
290 3603 463 3677 praesentes
478 3614 540 3656 nnn
561 3603 668 3658 essent.
714 3628 716 3635 ι
770 3668 772 3673 ¹

145 3752 161 3802 5
179 3745 292 3816 quidem]
309 3746 479 3798 inserendam
496 3745 581 3812 inquit
598 3745 607 3809 ΙΙ
626 3748 640 3796 't
658 3744 737 3796 latius
758 3744 762 3810 Ι
779 3760 850 3812 spem
869 3745 1022 3808 laccarius,
1034 3744 1149 3811 rapinam

78 3831 127 3880 ego
145 3819 247 3868 comesi
260 3816 297 3884 pit
311 3817 413 3882 erigere
426 3817 575 3865 correctum
586 3814 616 3862 tu
630 3811 822 3877 Scaliger-ano:
840 3815 943 3864 conieci
960 3813 1074 3878 exigeret
1085 3811 1159 3865 duce·

78 3898 128 3950 me,
144 3885 221 3938 modo
236 3883 247 3953 ll
258 3887 289 3936 rt
310 3883 466 3935 condicimus
479 3880 490 3949 ΙΙ
502 3884 532 3934 31
547 3878 633 3943 modo]
651 3881 793 3932 intercidit
809 3881 922 3947 aliquid,
940 3879 1056 3942 fortasse
1073 3880 1150 3934 modo

78 3951 246 4007 adstricticris
259 3951 269 4021 l
281 3955 313 4006 33
331 3951 481 4004 felicitatem
501 3949 692 4014 Scaliger-anua

911 4035 944 4088 6*
