2772 4476
563 200 703 256 shuffihu
1046 255 1051 268 ,
1125 201 1165 262 33

47 381 77 432 11
91 390 236 436 memnon
252 373 323 436 mihi
338 373 504 448 carissime,
528 374 672 454 numquid
687 374 843 436 duodecim
858 393 1015 438 aerumnas
1027 375 1166 440 umnam

89 467 187 532 tenes,
204 466 254 520 aut
267 458 304 519 de
319 458 401 522 Vlixe
415 458 554 534 fabulam,
570 459 818 539 quemadmodum
832 460 874 522 illi
889 459 1013 540 Cyclops
1027 461 1165 540 potinem

89 543 219 624 porcino
235 540 379 606 extorsit?
403 544 533 606 solebam
544 545 618 608 haec
634 563 689 626 ego
704 563 781 624 puer
789 545 868 623 apud
880 545 1043 608 Homerum
1058 547 1164 626 legere.

91 646 162 690 nam
186 627 325 708 Sibyllam
348 629 466 708 quidem
485 630 585 692 Cumis
600 647 656 708 ego
677 630 740 710 ipse
761 631 855 694 oeulis
876 632 950 694 meis
971 631 1028 692 uidi
1051 631 1080 693 in
1103 650 1166 696 am·

51 726 68 776 5
91 713 173 793 pulla
187 714 335 793 pendere,
358 723 387 774 et
403 733 471 776 cum
485 715 527 777 illi
541 715 626 796 pueri
641 715 790 778 dicerent:
806 713 967 798 Σιᾈυλλα,
985 719 1020 781 τί
1033 715 1166 796 aetem·

93 799 294 878 respondebat
308 799 373 860 illa:
390 789 581 866 ἀποθανεῖν
596 799 710 886 θέλω]

138 899 144 908 ·
179 884 315 946 nondum
334 885 483 948 efflaverat
504 886 621 960 omnia,
642 903 710 948 cum
730 884 941 965 repositorium
959 904 1028 948 cum
1050 905 1103 949 sue
1119 887 1166 950 in·
1185 890 1226 954 to
1269 889 1282 913 ⁹

92 969 176 1047 genti
201 987 333 1032 mensam
356 971 518 1051 occuparit.
555 971 655 1034 mirari
677 990 733 1034 nos
753 969 933 1032 celeritatem
959 972 1112 1052 coepimus
1135 981 1167 1036 et

93 1053 201 1130 iurare,
217 1073 256 1116 ne
266 1053 375 1134 gallum
385 1055 504 1136 quidem
515 1056 711 1136 gallinaceam
725 1064 785 1118 tam
798 1055 856 1118 cito
868 1056 1012 1136 percoqui
1023 1057 1165 1136 potuisse,

37 1153 69 1204 10
92 1146 176 1201 uoto
192 1139 310 1218 quidem
325 1141 432 1219 magis,
455 1143 534 1221 quod
550 1142 638 1224 longe
659 1141 753 1204 maior
775 1140 861 1202 nohis
881 1157 991 1220 porcus
1011 1141 1167 1204 ridebatur

92 1243 174 1299 esse,
191 1243 280 1305 quam
295 1226 384 1305 paulo
398 1235 467 1288 ante
483 1245 555 1306 aper
569 1229 673 1290 iuerat.
702 1226 809 1290 dando
824 1226 916 1306 magis
931 1226 1084 1307 magisque
1099 1227 1166 1290 Tri·

92 1309 219 1372 malchio
233 1310 355 1372 intuens
377 1329 444 1374 eum
461 1310 563 1391 ‘quid‘l
593 1310 696 1391 quidl'
725 1311 823 1391 inquit
840 1315 960 1391 ‘porcus
979 1312 1105 1374 hicnon
1122 1320 1166 1376 est

92 1393 296 1456 exinteratusl
322 1415 382 1458 non
399 1398 584 1458 mehercules
598 1405 651 1460 est.
688 1415 775 1472 voca,
790 1414 862 1458 voca
881 1415 986 1460 cocum
1002 1397 1033 1460 in
1049 1397 1164 1460 modio'.

91 1498 161 1542 cum
176 1480 357 1544 constitisset
377 1483 413 1544 ad
436 1501 570 1544 mensam
588 1501 678 1546 cocus
698 1482 790 1544 tristis
812 1490 842 1542 et
862 1481 975 1564 diceret
994 1500 1026 1544 se
1041 1482 1165 1546 oblitum

38 1573 69 1626 15
91 1583 155 1628 esse
181 1565 361 1642 eximerere,
383 1565 486 1646 ‘quid‘l
508 1565 651 1631 oblitust’
693 1566 872 1628 Trimalchio
899 1567 1042 1628 exclamat
1071 1572 1174 1647 ‘putee

90 1650 174 1712 illnm
189 1650 276 1730 piper
287 1659 316 1713 et
328 1652 481 1714 cuminum
495 1671 556 1714 non
573 1651 744 1714 coniecisse.
775 1649 924 1730 despolia'.
955 1669 1017 1712 non
1030 1652 1165 1726 htmnra,

91 1735 275 1815 despoliatur
295 1755 385 1798 cocus
405 1747 494 1817 atque
514 1737 597 1800 inter
621 1738 696 1800 duos
717 1745 847 1798 tortores
871 1745 1000 1798 maestus
1021 1737 1165 1800 consistit

91 1821 245 1901 deprecari
265 1829 365 1886 nmen
388 1841 492 1885 omnes
507 1830 673 1902 cooperunt
693 1831 722 1884 et
738 1821 853 1884 dicere:
877 1820 962 1884 ‘solet
976 1821 1055 1898 ¹lieri;
1079 1839 1166 1900 roga·

91 1925 175 1982 mus,
198 1906 311 1983 mittas;
333 1915 435 1987 postea
450 1908 474 1970 si
489 1908 608 1984 iecerit,
630 1925 718 1970 nemo
740 1913 875 1969 nostrum
893 1924 948 1985 pro
962 1905 1015 1968 illo
1030 1905 1165 1985 rogabit'.

6 2035 10 2044 -
38 2001 69 2054 2⁰
90 2009 155 2070 ego,
173 1992 392 2054 crudelissimae
407 1993 579 2069 severitatis,
599 2011 661 2054 uon
677 1993 760 2072 potui
774 2009 823 2052 me
838 1999 957 2067 tenere,
972 1991 1024 2053 sed
1039 1989 1166 2054 inclina·

93 2084 141 2138 tas
162 2077 198 2138 ad
222 2095 322 2140 aurem
344 2077 575 2156 Agamemnonis
600 2077 708 2158 ‘plane’
728 2078 851 2156 inquam
872 2076 929 2138 ‘hic
956 2075 1043 2138 debet
1064 2090 1166 2142 seruus

94 2180 158 2224 esse
174 2162 388 2242 nequissimum
404 2164 509 2243 aliquis
524 2163 747 2225 oblivisceretur
758 2179 884 2241 porcum
898 2159 1087 2224 eximerere?
1104 2181 1165 2226 uon

93 2247 279 2310 mehercules
293 2248 336 2308 illi
349 2249 553 2328 ignoscerem,
573 2249 597 2310 si
613 2249 726 2327 piscem
740 2246 947 2326 praeterisset.
978 2256 1007 2307 at
1023 2265 1083 2308 uon
1100 2246 1166 2308 'l'ri-

92 2331 237 2408 malchio,
264 2333 315 2413 qui
337 2333 466 2395 relaxato
493 2334 525 2395 in
550 2333 727 2394 hilaritatem
751 2331 835 2392 vultu
857 2329 948 2409 ‘ergo’
969 2329 1067 2409 inquit
1087 2330 1165 2410 ‘quia

42 2427 72 2478 25
93 2426 153 2478 tam
167 2418 261 2480 malae
284 2419 444 2480 memoriae
466 2437 514 2494 os,
535 2418 630 2499 palam
654 2416 741 2482 nobis
762 2415 845 2490 illum
866 2414 1017 2478 exintera’.
1046 2423 1167 2495 recepta

89 2519 184 2570 cocus
198 2503 300 2566 tunica
315 2503 443 2566 cultrum
454 2503 580 2584 arripuit
594 2503 738 2583 porcique
750 2508 884 2564 renuent
898 2499 969 2564 irinc
980 2508 1070 2580 atquae
1084 2500 1166 2564 illinc
1280 2572 1283 2576 ,

94 2587 194 2650 timida
210 2606 299 2651 manu
320 2590 425 2652 secuit.
455 2608 511 2652 nec
524 2606 624 2663 mora,
646 2607 682 2652 ex
697 2587 790 2667 plagis
810 2584 953 2666 ponderis
974 2585 1166 2650 inchoatione
1307 2602 1313 2614 ²

94 2673 299 2735 crescentibus
314 2675 460 2737 tomacula
475 2693 543 2736 cum
558 2674 667 2736 botulis
682 2673 774 2736 effusa
788 2679 869 2737 sunt.
1232 2611 1306 2737 ds

180 2758 315 2838 plausum
329 2770 397 2840 post
412 2762 469 2822 hoc
481 2768 662 2822 automatum
677 2757 784 2820 familia
795 2756 876 2818 dedit
890 2764 920 2817 et
935 2753 1017 2816 ‘Gaio
1032 2755 1166 2817 feliciter'
1185 2757 1227 2819 50

42 2852 71 2903 tt
92 2843 294 2906 conclamavit.
325 2863 381 2906 nec
396 2865 457 2906 non
480 2863 571 2908 conus
593 2845 715 2924 potione
738 2844 900 2906 honoratus
923 2849 968 2904 est
981 2849 1012 2902 et
1025 2849 1166 2921 argentea

93 2945 217 3003 corona,
231 2930 432 3010 poculumque
446 2931 478 2992 in
489 2931 574 2994 lance
589 2929 704 3010 accepit
716 2927 875 2991 Corinthia.
907 2944 994 3006 quam
1009 2944 1079 2988 cum
1089 2925 1166 3006 Aga·
1223 2955 1227 2964 a

93 3031 236 3076 memnon
258 3016 382 3096 propius
402 3016 619 3089 consideraret,
641 3015 681 3078 ait
702 3011 894 3076 Trimalchio:
917 3010 1006 3073 ‘solus
1028 3029 1094 3072 sum
1115 3011 1166 3089 qui

93 3117 162 3160 vera
175 3099 336 3163 Corinthea
358 3101 499 3164 habeam’.
530 3100 736 3182 expectabam,
757 3106 791 3160 nt
804 3115 861 3176 pro
882 3095 995 3174 reliqua
1008 3094 1166 3158 insolentia

93 3184 206 3248 diceret
225 3185 283 3248 sibi
302 3205 370 3250 vasa
388 3187 531 3248 Corintho
551 3185 659 3248 ailerri.
688 3185 740 3247 sed
762 3183 809 3244 ille
831 3181 951 3244 melius:
973 3184 1013 3242 ‘et
1031 3179 1167 3242 lorsitau'

42 3277 72 3329 35
90 3269 190 3348 inquit
204 3271 347 3348 ‘quaeris,
368 3290 459 3351 quare
475 3272 556 3333 solus
572 3270 730 3334 Corinthea
746 3285 814 3329 vera
828 3265 1008 3346 possideam:
1024 3264 1094 3345 quia
1108 3263 1166 3328 soi·

91 3355 163 3418 licet
179 3353 325 3429 aerarius,
345 3373 362 3416 a
383 3375 441 3434 quo
463 3375 546 3432 emo,
569 3356 729 3418 Corinthus
750 3361 882 3414 vocatur.
911 3349 983 3430 quid
1004 3358 1048 3412 est
1068 3358 1165 3414 autem

93 3437 305 3513 Corintheum,
328 3439 384 3500 nisi
406 3441 471 3518 quis
485 3443 659 3504 Corinthum
680 3435 792 3502 habeti
822 3444 853 3498 et
866 3455 905 3498 ne
926 3453 974 3498 me
987 3435 1097 3515 putetis
1112 3454 1166 3496 ne·

92 3524 210 3605 sapium
227 3541 300 3596 esse,
315 3523 397 3584 valde
412 3524 489 3587 bene
502 3528 581 3602 scio,
595 3525 676 3588 unde
694 3525 824 3606 primum
833 3521 998 3586 nonnum
1013 3528 1081 3582 nata
1097 3519 1166 3581 sint.

94 3628 164 3672 cum
180 3609 266 3674 llium
281 3616 400 3691 captum
415 3616 473 3684 est,
494 3611 655 3685 Hannibal,
676 3611 767 3672 homo
788 3609 868 3686 valer
883 3615 912 3668 et
932 3622 1057 3684 magnus
1071 3603 1166 3676 stelio,

44 3703 72 3754 to
93 3713 199 3757 omues
220 3702 331 3756 statuas
353 3711 460 3755 aeneas
481 3703 510 3756 et
535 3713 638 3757 aureas
658 3704 687 3756 et
709 3702 864 3775 argenteas
889 3692 920 3753 in
946 3707 1041 3752 unum
1062 3706 1167 3770 rogum

180 3903 196 3954 3
220 3899 336 3968 porioino
386 3899 416 3950 te
440 3898 528 3950 mittes
544 3893 555 3965 l
573 3897 605 3950 23
630 3895 664 3946 ita
687 3897 749 3962 port
771 3908 822 3946 non
849 3891 962 3944 antehac
985 3889 1135 3944 adiecerant
1158 3888 1168 3959 ΙΙ

95 3971 128 4022 30
146 3968 225 4022 etiam
241 3985 292 4036 pro
310 3971 336 4018 ct
372 3969 404 4018 39
423 3965 503 4020 scello

148 4060 250 4105 renent
263 4059 344 4105 entim
363 4057 397 4102 ed·
411 4057 443 4102 111
949 4048 964 4098 3
