2768 4480
534 181 722 236 nmtlrrnnn
1104 178 1163 240 201

544 355 715 431 mnam

197 467 266 520 ante
287 459 367 520 naris
387 458 477 520 molo
499 475 535 520 ex
550 457 705 520 snbnlibns
726 458 840 537 parvuli
855 458 957 520 inmrti
971 457 1168 520 demitteban·
1192 467 1237 520 373

83 555 138 606 tur
160 561 211 605 sex
227 543 377 615 cincinni,
400 543 478 604 oculi
493 542 660 623 snppaetnli
676 543 792 622 nigellis
806 543 925 623 pupulis
940 542 1081 622 liquidam
1094 542 1169 604 hila-

84 629 207 691 ritatem
223 627 426 708 significantes
450 628 556 701 animi,
578 628 671 690 rietus
693 628 881 708 parvissimus
895 637 929 689 ut
943 629 1091 689 refrenato
1107 627 1169 689 risu

85 733 177 776 1'0800

576 792 690 878 mmm

200 900 251 980 qui
267 907 366 979 petest
382 899 446 962 lans
460 897 553 959 videri
568 916 652 972 vera,
676 916 744 959 eum
765 907 901 961 mortuus
916 917 1004 979 saepe
1020 899 1168 961 furacissi-
1193 908 1237 960 373

87 1003 159 1046 mus
173 1003 208 1046 ac
223 983 424 1064 nequissimus
439 981 604 1045 civis'iuxta
620 1001 653 1044 aa
668 983 701 1044 P.
717 981 873 1066 Africanus

559 1101 704 1181 mmm

198 1204 223 1265 si
239 1212 269 1264 et
283 1211 437 1265 aecusator
452 1210 481 1264 et
496 1220 565 1264 reus
579 1213 670 1266 erunt
683 1202 820 1266 tenebris
844 1212 985 1281 uterque,
1009 1212 1168 1282 utrumque
1193 1214 1236 1267 377

87 1289 255 1368 vituperate
626 1301 628 1306 '

556 1370 714 1450 nmna

198 1483 320 1553 praeter
334 1483 428 1536 vester
449 1474 558 1554 eripuit
580 1473 652 1534 mihi
674 1475 840 1552 pecuniam.
871 1476 908 1536 de
931 1492 964 1535 ea
979 1483 1115 1553 questum
1132 1474 1168 1535 ad
1193 1485 1237 1538 373

89 1576 203 1621 annum
225 1559 340 1620 veniam
362 1560 398 1621 ad
420 1577 529 1620 nerum
551 1558 769 1637 magistratum,
793 1577 861 1621 num
883 1559 931 1621 hie
945 1577 1015 1639 rape
1031 1558 1168 1620 umbram

91 1663 212 1725 quoque
227 1644 290 1724 spei
306 1643 474 1708 devorasset

574 1727 601 1788 ll

199 1831 248 1894 ille
263 1832 324 1894 ales
338 1830 434 1911 gallus
449 1830 500 1910 qni
522 1732 686 1897 summisit)
696 1831 860 1892 Atticarum
875 1830 1024 1893 Musarum
1041 1832 1167 1911 scripto·
1193 1841 1236 1894 373

89 1937 147 1991 res,
164 1935 201 1978 an
219 1917 267 1978 lrie
283 1913 333 1995 qni
344 1934 466 1996 gregem
481 1915 675 1978 rabularnm‘l

582 2034 621 2095 Xl

170 2180 174 2184 ·
197 2137 255 2198 hoc
270 2137 390 2204 Graecia
411 2138 599 2210 renuntiato,
622 2036 759 2199 u(tss)facile
780 2139 968 2220 intellegeres
991 2158 1046 2201 nos
1069 2139 1106 2201 ab
1121 2139 1167 2201 his
1192 2146 1236 2200 383

89 2223 191 2297 amari,
208 2231 500 2286 commurmurantur
516 2211 596 2288 αὐτό

561 2339 694 2418 mna

197 2463 290 2525 qnare
306 2416 417 2508 residei
432 2443 606 2522 lingulacae
623 2449 839 2522 optreelatores
853 2443 906 2517 tui,
922 2443 979 2504 iam
991 2461 1074 2505 nune
1084 2463 1166 2506 mur·
1191 2451 1233 2503 381

91 2537 246 2593 manantes
257 2529 376 2591 dicunt:
391 2525 589 2614 μωμήσεταί
602 2548 654 2602 τις
667 2525 795 2608 μᾶλλον
810 2515 831 2614 ἢ
844 2524 1028 2613 μιμήσεται

566 2646 693 2732 mum
786 2683 790 2689 -

197 2750 335 2830 imperito
359 2767 586 2830 nonnumquam
602 2751 717 2812 coneha
731 2750 848 2814 videtur
863 2750 1036 2830 margarita,
1057 2751 1165 2812 vitrum
1192 2755 1235 2808 383

88 2836 262 2914 smaragdos

546 2919 627 2983 llllll
642 2920 709 2998 (10)

195 3020 361 3093 dammim,
376 3019 539 3102 promiscas
553 3019 613 3081 aris
628 3019 685 3080 mei
700 3019 731 3083 in
748 3019 901 3080 ehnrlibus
915 3019 992 3098 pavit
1191 3027 1234 3080 383

175 3191 225 3242 373
243 3186 279 3240 Ν.
295 3204 322 3255 p.
341 3191 391 3242 433
409 3187 501 3240 rictum
523 3185 526 3254 Ι
548 3191 576 3238 el
593 3186 727 3239 subolibus
748 3185 908 3238 subolidibns
933 3185 1018 3236 aedem
1035 3189 1165 3251 optimas:

88 3256 244 3310 addendum
260 3254 376 3317 fortasse
395 3255 534 3308 subtilibus
548 3253 553 3323 1
568 3254 613 3306 sed
632 3254 741 3307 marriani
760 3253 842 3306 oculis
860 3253 986 3320 snpetnlis
1004 3253 1107 3319 nigellis
1119 3270 1164 3323 pn·

87 3324 141 3392 puli
165 3339 244 3392 qnam
268 3324 422 3377 hilaritatem
442 3323 624 3390 (demittebant
648 3338 676 3376 se
694 3323 842 3386 Martinus,
865 3321 977 3390 aliquam
1003 3320 1163 3390 Gifaniusll

86 3407 162 3447 rosea
182 3392 277 3444 labiola
290 3391 426 3459 lloeperm
438 3392 510 3461 1373
527 3390 562 3444 Ν.
573 3406 600 3457 p.
615 3393 664 3445 332
677 3391 747 3444 iuxta
764 3389 767 3459 1
782 3405 844 3442 resa
863 3393 1007 3442 commotus
1024 3395 1075 3442 aar
1091 3405 1164 3443 versa

87 3476 146 3514 eum
164 3463 266 3514 nantas:
284 3464 353 3527 pado
375 3461 398 3512 si
420 3475 451 3513 ea
474 3459 618 3513 aemulatur
667 3463 715 3513 377
734 3459 770 3511 Ν.
783 3473 813 3525 p.
834 3460 864 3512 19
883 3457 1070 3527 tenebrinneal
1095 3464 1165 3511 tene·

86 3529 193 3582 briones
211 3529 276 3580 libri
293 3545 382 3580 emmae
399 3533 511 3596 cample
531 3529 629 3595 optimo
665 3531 715 3582 378
732 3526 767 3580 Ν.
783 3544 810 3594 p.
824 3529 856 3581 ²6
869 3542 978 3595 rapones
992 3525 997 3595 1
1013 3528 1086 3578 deest
1103 3541 1165 3580 eoa·

86 3598 205 3649 meionis
222 3596 415 3665 8133333αᾶ01
434 3599 484 3651 373
502 3595 537 3648 Ν.
550 3613 580 3663 p.
599 3598 631 3649 23
649 3595 754 3650 rabulae
769 3594 773 3664 1
795 3595 920 3649 uillarum
941 3609 1069 3648 musarum
1085 3595 1089 3664 1
1104 3593 1164 3663 qnia

86 3679 191 3732 gregem
203 3663 215 3732 1
227 3667 278 3718 333
295 3664 330 3718 Ν.
344 3681 373 3732 p.
392 3668 441 3720 478
460 3664 609 3717 murmurari
626 3662 630 3731 1
646 3664 717 3717 aulai
735 3665 785 3717 alia·
802 3667 933 3731 (sequitur
950 3663 1027 3729 idem)
1039 3662 1049 3730 11
1063 3665 1109 3716 381
1130 3663 1164 3716 Ν.

81 3749 110 3800 p.
130 3735 164 3786 26
183 3731 335 3798 lingnleeae.
372 3732 565 3786 commeandum
582 3737 723 3785 tracanto
739 3732 775 3796 fr.
792 3735 841 3785 373
858 3735 924 3798 quia
942 3735 971 3784 in
988 3736 1084 3783 satura
1102 3736 1165 3784 ann

86 3798 247 3868 legebam
267 3801 357 3854 residit
376 3799 518 3867 lingulam:
541 3815 578 3851 an
596 3799 696 3853 sedati?
712 3800 722 3868 11
742 3803 791 3854 383
809 3799 844 3853 Ν.
859 3816 886 3866 p.
905 3801 955 3853 313
973 3800 1139 3866 margaritum
1158 3801 1164 3870 1

85 3869 226 3936 margarita
243 3867 493 3934 mulamisimargelas
505 3866 515 3931 1
528 3869 578 3919 383
596 3866 630 3919 Ν
636 3883 665 3934 p.
676 3872 707 3924 83
721 3869 824 3921 chortes
838 3868 843 3936 1
858 3868 910 3920 vixi
930 3867 1093 3935 preminentis
1105 3870 1164 3923 mei.

79 3941 174 4004 potest
190 3940 293 3990 mamre·
309 3941 340 3990 in
358 3939 543 3989 nnametmm
561 3935 698 3999 (promisca
716 3937 794 3991 Geras
811 3939 862 4003 me)
