2780 4480
228 154 289 216 152
695 155 841 210 ddellNd

264 341 292 392 15
334 331 382 392 ille
394 329 615 394 Pelethroniam
632 331 738 392 cecinit
752 330 920 392 miserabile
935 348 1054 393 carmen

380 417 415 478 ad
431 416 582 489 citharam,
598 415 707 477 eithara
722 416 835 478 tensior
849 416 913 496 ipse
927 435 988 478 sua.

334 500 442 565 nobilis
457 502 527 563 hinc
542 508 610 562 nata
626 519 732 581 nempe
748 500 852 582 incipit
866 500 932 562 llias
946 500 999 577 ira,

380 587 559 668 principium
576 586 651 648 sacri
668 586 807 648 carminis
821 585 868 647 illa
884 586 948 646 luil.

334 671 425 734 altera
439 671 560 733 materia
576 679 620 732 est
635 688 720 732 error
735 671 862 733 fallentis
877 670 967 747 Vlixi;

262 766 291 819 b)
376 758 400 820 si
414 775 516 819 verum
533 774 666 837 quaeras,
680 756 893 836 huncquoque
908 755 999 817 mouit
1013 774 1106 820 amor.

336 843 382 906 hie
397 843 505 922 legitur
519 841 610 917 radix,
627 841 663 902 de
679 860 737 921 qua
752 841 806 903 llos
821 859 929 904 aureus
943 841 1011 916 exit,

380 946 468 1008 quarn
485 945 553 989 eum
567 925 660 1008 μῶλυ
676 935 770 1000 vocat,
784 925 915 990 mentula
930 925 1023 1008 μῶλυ
1040 927 1102 988 luit.

334 1013 381 1075 hie
397 1013 521 1094 legimus
537 1011 641 1074 Circen
657 1011 912 1090 Atlantiademque
929 1010 1075 1091 Calypsun

381 1097 503 1178 grandia
518 1095 644 1158 Dulichii
658 1115 725 1158 vasa
739 1097 848 1178 petisse
862 1095 926 1157 viri.

258 1192 291 1244 'ab
333 1183 422 1244 huius
438 1191 467 1244 et
481 1181 594 1243 Alcinoi
611 1181 715 1244 mirata
730 1191 773 1245 est
789 1182 847 1242 lilia
861 1179 1027 1243 membrum

380 1267 531 1329 frondenti
545 1285 627 1328 rame
643 1267 689 1328 vix
704 1267 836 1347 potuisse
851 1267 920 1345 tegi.

333 1353 366 1414 ad
383 1353 509 1414 vetulam
525 1361 623 1444 tamen
640 1352 688 1414 ille
703 1370 785 1414 suam
801 1350 991 1432 properabat,
1007 1361 1036 1414 et
1053 1354 1151 1416 omnis

379 1456 464 1500 mens
480 1445 543 1499 erat
558 1437 588 1498 in
605 1456 715 1512 cunno,
730 1436 907 1516 Penelopea,
923 1447 989 1499 tuo:
1074 1493 1080 1508 ,

333 1540 408 1603 quae
423 1523 465 1586 sic
480 1532 559 1585 casta
572 1541 683 1598 manes,
700 1532 733 1584 ut
745 1523 804 1584 iam
817 1522 948 1584 convivia
964 1522 1038 1586 visas

258 1617 287 1668 ab
372 1617 463 1688 utque
480 1609 645 1669 fututorum
660 1608 699 1670 sit
713 1616 763 1670 tua
778 1608 865 1687 plena
880 1608 995 1668 domus.

333 1713 349 1755 e
366 1693 473 1774 quibus
488 1701 521 1754 ut
536 1692 626 1755 scires
641 1693 813 1772 quicunque
827 1691 971 1754 valentior
986 1701 1071 1767 esset,

378 1780 450 1840 haec
465 1796 497 1840 es
512 1777 548 1839 ad
563 1785 693 1840 arrectos
708 1778 795 1840 verba
810 1778 908 1839 locuta
923 1795 1045 1857 procos:

332 1869 429 1930 ‘neme
445 1881 512 1924 meo
528 1862 633 1924 melius
647 1881 771 1925 nervum
785 1861 926 1924 tendebat
940 1862 1029 1936 Vlixe,

380 1948 440 2009 sive
456 1946 497 2009 illi
512 1948 637 2010 laterum
652 1949 712 2010 sive
727 1955 790 2010 erat
804 1948 875 2010 artis
890 1965 974 2028 opus.
1014 1969 1017 1976 ·

261 2040 289 2092 ab
333 2033 540 2112 quiquoniam
556 2033 651 2112 periit,
667 2052 719 2096 ros
734 2051 816 2096 nune
829 2032 984 2106 intendite,
1000 2032 1115 2112 qualem

379 2136 443 2180 esse
457 2117 552 2180 virum
569 2118 674 2194 sciero,
688 2119 732 2180 vir
746 2118 783 2181 sit
798 2126 831 2180 ut
845 2117 894 2181 ille
909 2117 1011 2180 meus.’

331 2202 386 2265 hac
402 2222 467 2284 ego,
484 2203 643 2284 Penelope,
660 2204 744 2285 potui
759 2203 811 2265 tibi
827 2203 891 2282 lege
906 2203 1033 2282 placere,

378 2288 427 2351 illo
442 2290 493 2351 sed
509 2288 641 2351 nondum
657 2301 791 2370 tempore
807 2290 901 2350 lactus
916 2306 1007 2350 eram.

696 2457 826 2521 vallll

242 2637 245 2640 ,
331 2559 404 2622 Cum
419 2560 468 2622 dci
482 2559 536 2621 tibi
551 2559 677 2622 suavitas
692 2558 803 2622 subibit

331 2653 360 2706 et
374 2646 431 2706 iam
446 2645 599 2725 porrigere
612 2645 672 2705 hue
687 2661 806 2704 manum
822 2643 933 2719 libebit,

330 2729 368 2792 ad
381 2748 430 2792 me
445 2729 569 2809 respice,
585 2730 642 2804 sur,
658 2737 687 2790 et
702 2729 864 2802 aestimato,

331 2822 404 2894 quot
418 2814 520 2894 pondo
536 2813 648 2876 esttibi
663 2814 824 2875 mentulam
839 2814 1011 2875 caeandum.

330 3084 423 3148 lllusil
438 3086 508 3148 milri
523 3104 636 3167 pauper
651 3087 830 3167 inquilinnsz

330 3189 396 3233 cum
412 3171 505 3232 libum
520 3171 640 3233 dederat
653 3171 791 3252 molaque
806 3172 870 3233 lusa

330 3256 481 3336 quadram,
497 3257 632 3337 partibus
647 3257 752 3318 abditis
765 3256 797 3316 in
812 3255 923 3334 ignem,

329 3360 413 3403 sacro
428 3342 566 3422 protinus
579 3342 651 3403 hinc
665 3341 726 3404 abit
740 3349 871 3422 peracto.

273 3435 287 3486 o
331 3426 417 3488 vicini
433 3427 516 3488 oanis
530 3427 589 3490 hue
605 3425 730 3489 subinde
746 3425 826 3487 venit

330 3511 475 3588 nidorem,
491 3519 572 3592 puto,
588 3520 744 3593 persecuta
758 3510 840 3587 lumi,

307 3711 405 3765 valll
419 3715 450 3766 18
469 3713 503 3766 ile
514 3712 714 3794 Baalremiacj
730 3716 759 3766 21
774 3713 873 3766 lacteus
886 3712 1028 3779 Scaliger!
1045 3715 1076 3766 ll
1095 3727 1170 3780 quen
1186 3713 1191 3782 Ι
1206 3715 1235 3767 al
1250 3707 1287 3780 qui

224 3793 326 3848 quoque
342 3779 372 3834 L.
384 3781 528 3834 Muellerus
542 3782 548 3848 Ι
563 3784 596 3836 34
614 3796 661 3836 sen
678 3781 726 3834 lurt
743 3784 793 3834 alta·
808 3779 814 3864 l
828 3783 861 3836 38
878 3785 955 3834 natus
973 3781 1081 3848 quidem
1095 3779 1105 3848 ΙΙ
1116 3779 1180 3832 lllll
1195 3783 1210 3835 2
1228 3779 1288 3840 euml

223 3848 266 3915 qui
284 3850 379 3915 uolgo,
400 3851 470 3902 unde
486 3853 566 3917 price
583 3853 748 3906 conlocaram
772 3866 815 3918 qur
838 3864 896 3902 cum
914 3849 967 3901 libo
986 3848 1073 3903 aderat
1090 3849 1211 3918 moleque
1228 3847 1288 3902 salsa

222 3929 330 3983 quorum
346 3917 382 3983 13
401 3919 527 3988 quarum}
543 3921 559 3974 6
576 3921 711 3986 prosecuta
726 3934 814 3986 paene
832 3933 920 3971 omnes
