2772 4476
560 187 703 242 sa'rlltalt
1129 195 1171 257 39

53 377 265 429 Huummum.
295 359 330 420 ad
345 378 505 434 summam,
527 361 640 440 siquid
659 365 718 436 ris,
741 383 797 444 ego
817 375 893 428 cttu
914 369 1174 449 sponsiunculam:

97 445 160 518 exi,
187 444 290 505 defero
310 445 449 506 lamnam.
478 446 537 506 iam
558 447 635 509 scies
655 457 771 528 patrem
790 459 876 512 hrum
896 455 1048 516 mercedes
1072 457 1173 534 perdi-

96 529 185 604 disse,
201 530 336 608 quamvis
350 538 381 591 et
393 531 573 592 rhetoricam
586 533 654 594 scis
683 553 754 595 ecce

183 615 255 693 “qrri
270 615 307 676 de
322 616 410 678 nobis
424 617 514 696 longe
527 617 624 691 venio,
638 618 697 680 late
711 617 822 680 renio?
836 621 917 682 solve
927 625 1005 684 me.”

36 721 53 770 5
96 700 192 762 dicam
218 699 288 774 tibi,
314 701 365 779 qui
379 701 416 761 de
432 701 520 763 nobis
533 703 629 764 currit
641 715 673 764 et
686 704 724 765 de
736 705 804 766 loco
818 724 882 767 non
897 717 1048 781 moretum
1070 711 1172 790 quide

95 785 184 846 nobis
199 785 308 847 crescit
323 793 353 846 et
365 787 466 848 minor
480 789 521 848 lit.
551 788 662 862 amris,
678 798 796 869 stupea,
811 792 936 870 satagis,
951 803 1093 873 tanquam
1105 815 1173 859 mus

94 871 127 932 in
142 870 269 932 matella.
311 889 383 950 ergo
405 881 457 933 aut
474 881 540 934 tace
559 882 611 934 aut
623 874 784 949 {meliorem
800 875 862 936 noli
876 879 1049 954 molestare,
1070 872 1129 961 qui
1141 891 1172 942 te

96 963 199 1016 natum
214 974 277 1016 non
292 965 390 1035 putat;
413 957 469 1018 nisi
484 959 510 1019 si
524 977 572 1018 me
587 959 699 1021 iudicas
712 961 819 1022 anulos
833 960 947 1025 buxeos
960 983 1081 1039 curare,
1096 985 1172 1045 quos

96 1041 207 1101 amicae
228 1049 296 1102 tuae
318 1041 464 1104 involasti.
495 1043 688 1123 Occuponem
703 1046 875 1126 propitium.
910 1067 1011 1111 eamus
1026 1050 1056 1111 in
1072 1052 1172 1114 lorum

46 1144 77 1196 ιο
95 1135 125 1188 et
150 1126 293 1205 pecunias
318 1136 497 1188 mutuemur.
535 1129 594 1188 iam
620 1130 697 1192 scies
720 1131 778 1192 hoc
801 1133 915 1193 ferrum
939 1135 1028 1196 fidem
1052 1136 1172 1198 babere.

93 1211 164 1284 vab,
185 1211 262 1273 bella
276 1230 326 1273 res
340 1221 385 1274 est
398 1213 493 1293 volpis
508 1215 574 1274 uda.
604 1214 644 1276 ita
664 1215 782 1277 lucrum
795 1218 901 1278 faciam
916 1219 999 1280 etita
1014 1220 1091 1282 bene
1105 1239 1171 1283 mo-

92 1297 155 1358 riar
169 1305 220 1357 aut
234 1297 364 1376 populus
378 1316 433 1378 per
447 1299 559 1360 exitum
573 1319 673 1360 meum
686 1301 774 1376 iuret,
789 1302 847 1363 nisi
861 1312 891 1364 te
901 1303 1013 1384 ubique
1023 1315 1092 1385 toga
1101 1325 1171 1387 per-

93 1399 179 1444 versa
193 1383 279 1442 suero
293 1392 478 1462 persecutus.
507 1383 647 1447 hebaeos
662 1395 692 1446 et
705 1387 777 1458 iste,
792 1389 843 1465 qni
857 1397 887 1450 te
901 1389 975 1450 baec
988 1389 1085 1466 docet,
1104 1411 1170 1452 mu·

93 1467 178 1542 lriuS,
194 1486 257 1528 non
268 1469 419 1547 magister.
445 1488 499 1532 aaa
509 1469 674 1544 didicimus,
689 1470 808 1532 dicebat
818 1473 900 1534 enim
909 1475 1064 1553 magister:
1080 1480 1171 1538 “sunt

48 1569 76 1622 25
93 1539 190 1616 restra
205 1550 305 1614 salva?
326 1563 407 1614 recta
421 1555 559 1629 domum;
582 1573 660 1629 care,
675 1557 914 1636 circumspicias;
928 1577 1014 1631 care,
1029 1561 1171 1622 maiorem

8 1711 9 1716 γ
93 1638 261 1699 maledicas.
291 1648 342 1700 aut
363 1658 486 1700 numera
506 1641 646 1719 mapalia:
670 1659 758 1702 nemo
780 1642 923 1722 dupondii
944 1643 1067 1704 eradit”
1103 1664 1169 1724 ego,

9 1723 13 1732 '
94 1723 175 1803 quod
191 1741 238 1784 me
253 1723 295 1784 sic
309 1723 399 1797 vides,
415 1733 540 1804 propter
553 1725 711 1787 artificium
726 1739 827 1787 meum
841 1727 897 1788 diis
910 1730 1018 1807 gratias
1031 1729 1107 1809 ago!

180 1818 320 1888 coeperat
334 1809 468 1889 Ascyltos
481 1810 665 1890 respondere
686 1811 838 1886 convicio,
858 1813 910 1874 sed
926 1813 1105 1876 Trimalchio
1117 1815 1169 1876 de·
1187 1820 1229 1882 59

92 1893 218 1955 lectatus
238 1893 385 1955 colliberti
405 1895 575 1974 eloquentia
590 1896 685 1975 ‘agite’
701 1896 799 1975 inquit
821 1898 989 1960 ‘scordalias
1008 1899 1169 1962 demedio.

47 1995 77 2046 ao
93 1980 222 2041 suaviter
235 1979 273 2041 sit
286 1981 401 2059 potius,
425 1989 455 2041 et
468 1990 516 2055 tu,
536 1981 712 2055 Homeros,
732 2000 822 2061 parce
838 1983 1069 2046 adulescentulo.
1099 2003 1169 2048 san·

30 2075 77 2127 HL
94 2082 172 2143 guen
189 2065 232 2124 illi
246 2066 355 2139 fervet,
375 2074 408 2126 tu
422 2066 528 2127 melior
541 2077 615 2128 esto.
645 2065 650 2149 Ι
668 2085 786 2146 semper
800 2067 832 2128 in
847 2069 902 2130 hac
917 2087 951 2130 re
965 2069 1017 2148 qui
1030 2070 1169 2147 vincitur,

54 2161 82 2212 H
93 2150 193 2213 vincit.
223 2149 228 2228 1
249 2159 278 2212 et
292 2159 326 2211 tu
341 2169 409 2211 cum
424 2170 504 2213 esses
514 2170 599 2231 capo,
615 2170 772 2226 cocoeoco,
787 2161 877 2231 atque
888 2172 942 2214 cor
955 2173 1016 2216 non
1029 2155 1168 2218 habebas.

92 2235 184 2298 simus
200 2253 287 2315 ergo,
308 2236 515 2314 quodmelius
534 2247 595 2310 cst,
617 2255 635 2297 a
654 2236 793 2316 primitiis
813 2237 922 2299 hilares
943 2248 974 2300 et
986 2239 1169 2304 Homeristas

92 2319 281 2400 spectemus’.
318 2321 437 2381 intravit
461 2322 550 2384 tactio
575 2322 673 2382 statim
698 2321 850 2400 hastisque
875 2329 958 2383 scuta
983 2325 1167 2404 concrepuit.

47 2420 75 2472 ab
92 2406 155 2486 ipse
171 2405 351 2468 Trimalchio
365 2405 397 2466 in
413 2406 535 2484 pulvino
551 2407 698 2480 consedit,
720 2415 750 2468 et
767 2424 835 2468 cum
849 2406 1033 2470 Homeristae
1049 2409 1168 2474 Graecis
1240 2411 1247 2424 '

92 2491 225 2554 versibus
245 2491 504 2570 coHoquerentur,
527 2500 562 2552 ut
579 2492 744 2552 insolenter
763 2491 878 2566 solent,
901 2493 950 2554 ille
972 2512 1081 2556 canora
1095 2513 1167 2558 voce

92 2576 196 2638 Latine
216 2575 333 2655 legebat
354 2577 472 2638 librum.
501 2595 570 2638 mox
590 2576 709 2638 silentio
729 2577 808 2638 lacto
830 2577 930 2640 ‘scitis'
950 2578 1048 2658 inquit
1068 2584 1167 2658 ‘quam

91 2661 222 2724 fabulam
243 2659 352 2741 agant?
388 2662 545 2724 Diomedes
567 2671 597 2724 et
617 2661 803 2743 Ganymedes
828 2663 888 2724 duo
908 2664 1015 2726 iratres
1035 2666 1166 2726 suerunt

91 2747 199 2808 borum
221 2766 308 2808 soror
328 2755 393 2808 crat
407 2748 530 2810 Helena.
566 2752 770 2826 Agamemnon
793 2748 870 2810 illam
893 2749 993 2828 rapuit
1012 2759 1042 2811 et
1056 2750 1167 2814 Diame

45 2845 75 2896 at
91 2850 208 2894 cervam
222 2832 356 2895 subiecit.
384 2833 425 2894 ita
441 2850 525 2893 nunc
545 2833 692 2896 Homeros
711 2833 800 2908 dicit,
822 2834 1067 2913 quemadmodum
1088 2835 1167 2898 inter

91 2935 125 2980 se
147 2927 282 2996 pugnent
301 2918 423 2979 Troiani
446 2927 476 2978 et
496 2917 657 2980 Parentini.
694 2917 765 2980 vicit
787 2919 900 2982 scilicet
920 2928 951 2980 et
972 2919 1165 3000 Iphigeniam,

90 3001 180 3066 filiam
202 3021 299 3078 suam,
322 3003 428 3065 Achilli
449 3001 530 3064 dedit
549 3020 683 3065 uxorem.
722 3002 760 3064 ob
786 3021 851 3066 mm
875 3021 940 3064 rem
965 3005 1037 3066 Aiax
1056 3005 1167 3068 insanit

90 3096 122 3150 et
145 3086 243 3150 statim
269 3097 478 3168 argumentum
504 3087 680 3167 explicabit’.
722 3088 796 3150 baec
821 3096 855 3149 ut
879 3088 953 3150 dixit
977 3088 1165 3162 Trimalchio,

90 3173 250 3236 clamorem
265 3173 451 3237 Homeristae
465 3173 659 3247 sustulerunt,
679 3173 818 3253 interque
838 3172 977 3234 familiam
995 3173 1165 3236 discurren-

45 3269 73 3322 tt
89 3266 149 3321 tem
164 3257 274 3319 vitulus
289 3258 320 3318 in
334 3259 420 3321 lance
434 3259 558 3321 donaria
576 3259 671 3322 elixus
687 3259 793 3320 allatus
808 3265 866 3332 est,
887 3265 919 3318 et
934 3256 1053 3335 quidem
1067 3257 1166 3338 galea-

88 3352 148 3406 tus.
182 3349 302 3404 secutus
315 3352 360 3404 est
373 3344 444 3406 Aiax
458 3345 622 3424 strictoque
636 3344 750 3423 gladio,
768 3352 910 3422 tanquam
923 3341 1076 3418 insaniret,
1091 3362 1165 3408 con·

89 3428 177 3500 cidit,
201 3443 236 3487 ac
256 3427 344 3488 modo
364 3446 448 3490 versa
468 3429 557 3492 modo
577 3430 684 3510 supina
703 3427 896 3508 gesticulatus
913 3445 1058 3492 mucrone
1072 3430 1167 3494 trusa

89 3511 211 3593 collegit
224 3510 460 3591 mirantibusque
474 3515 599 3577 vitulum
612 3514 738 3594 partitus
752 3522 806 3576 cst.

176 3750 191 3801 2
209 3748 267 3803 lana
284 3747 293 3818 η
311 3749 326 3801 3
344 3747 399 3802 scio
411 3744 449 3816 114
467 3745 569 3816 quidem
587 3746 663 3800 robis
674 3745 684 3817 ΙΙ
698 3750 728 3800 11
746 3745 862 3808 formu
879 3761 916 3811 es,
933 3743 1039 3815 volpisss
1054 3747 1084 3800 12
1102 3751 1163 3817 toga

90 3816 135 3872 ubi
155 3831 188 3870 ue
204 3814 214 3886 ΙΙ
239 3819 270 3870 14
287 3816 355 3870 satio
374 3818 478 3869 conieci
501 3831 553 3882 pro
575 3819 636 3868 sunt
652 3812 662 3880 l
686 3818 716 3868 to
739 3813 832 3868 evadet
847 3815 963 3866 antehac
978 3817 1139 3882 scrupeae-am
1154 3815 1164 3884 ΙΙ

90 3887 122 3940 at
137 3831 272 3938 Tarentini
290 3885 443 3950 Schcfferuc
459 3881 469 3954 ss
486 3887 518 3939 35
537 3881 642 3936 donaria
657 3881 667 3949 ss
689 3883 721 3936 36
739 3883 876 3935 turbatam
892 3883 999 3950 ahquid
1012 3899 1067 3937 erre
1084 3889 1164 3938 om

89 3968 147 4006 sum
166 3954 215 4006 hoc
232 3953 290 4006 loco
307 3953 418 4008 vitulum
436 3959 485 4006 aut
501 3967 561 4006 eum
579 3952 744 4004 dornomtrat
