2772 4476
581 217 720 272 sertata
1141 215 1181 278 lb

40 397 90 450 Lo
109 407 238 452 accensa
265 397 295 452 et
319 391 382 470 ipse
403 390 537 451 'surrexit
565 399 796 472 correptumque
822 390 930 454 Gitona
954 392 984 453 in
1011 393 1181 456 cubiculum
1204 405 1234 448 ’κ’

105 476 205 536 traxit.
850 510 862 525 ,ν

193 560 258 622 sine
279 558 370 622 dubio
393 579 456 621 non
479 571 695 640 repugnaverat
713 579 805 642 puer,
828 579 861 622 ec
883 581 921 622 ue
941 563 1038 641 puella
1060 563 1179 642 quidem

106 646 198 709 tristis
212 654 370 722 expaverat
384 646 555 724 nuptiarum
571 665 691 708 nomen.
721 647 820 726 haum
834 665 903 709 cum
918 645 1023 709 inclusi
1039 650 1178 722 iacerent,

73 743 89 792 a
108 731 297 792 consedimus
311 740 381 791 aute
395 730 486 792 lunen
498 731 627 807 thalami,
644 742 672 792 et
687 731 718 795 in
734 733 836 812 primis
848 732 990 804 Quartilla
1005 751 1061 812 per
1074 735 1178 795 rimam

106 815 244 895 improbe
259 816 408 876 diductam
424 816 607 896 applicuerat
628 817 748 880 corolum
768 817 919 880 curiosum
933 817 1090 898 lusumque
1104 837 1178 898 pue·

107 901 193 962 rhem
217 900 376 962 libidinosa
401 902 608 980 speculabatur
627 901 787 981 diligentia.
822 919 872 964 me
898 920 1017 982 quoque
1043 905 1080 965 ed
1101 905 1178 964 idem

107 987 309 1064 spectaculum
323 987 403 1047 lenta
418 1001 508 1048 manu
523 987 625 1060 traxit,
642 996 672 1049 et
686 988 754 1066 quia
769 987 1022 1050 considerantium
1038 990 1177 1050 cohaese-

108 1079 177 1133 rant
190 1071 301 1147 vultus,
324 1071 467 1150 quioquid
487 1073 687 1152 aspectandis
700 1073 835 1148 vacabat,
857 1072 1062 1134 commovebat
1082 1075 1179 1136 obiter

58 1169 89 1220 tu
105 1157 187 1218 labra
202 1163 232 1216 et
247 1175 295 1218 me
309 1167 451 1235 unquam
464 1157 580 1224 furtivis
595 1157 722 1219 subinde
738 1159 847 1220 osculis
860 1158 1035 1221 verberabat

633 1263 651 1302 *

66 1338 88 1388 L
196 1325 329 1408 l'ahiecti
344 1328 374 1388 in
392 1327 475 1390 lectis
491 1328 555 1390 sine
570 1336 651 1388 metu
664 1328 807 1414 reliquam
823 1328 974 1408 exegimus
989 1335 1107 1388 noctem

636 1434 653 1469 3

66 1507 93 1555 r!
198 1494 203 1576 Ι
221 1505 343 1558 venerat
356 1497 414 1557 iam
428 1497 534 1558 tertius
549 1497 627 1571 dies,
649 1497 678 1558 id
693 1505 738 1559 est
759 1497 923 1577 expectatio
942 1497 1054 1559 liberae
1076 1499 1179 1571 cenae,

105 1580 158 1643 sed
179 1587 225 1642 tot
245 1580 418 1644 volueribus
441 1583 587 1644 confossis
608 1584 676 1662 iuga
697 1583 791 1661 magis
805 1581 952 1662 placebat,
974 1599 1062 1660 quem
1083 1583 1176 1661 quies.

105 1667 205 1744 itaque
226 1685 295 1728 cum
316 1667 420 1728 maesti
440 1667 685 1740 deliberaremus,
708 1683 838 1745 quonam
860 1685 969 1746 genere
990 1677 1177 1746 praesentem

60 1764 88 1815 15
106 1752 282 1814 evitaremus
302 1752 477 1832 procellam,
503 1769 582 1813 nnus
595 1769 705 1833 'servus
725 1752 955 1831 Agamemnonis
980 1751 1178 1832 interpellavit

104 1837 287 1916 trepidantes
301 1845 331 1896 et
346 1835 449 1916 ‘quid‘i
463 1837 524 1899 vos’
535 1838 633 1916 inquit
647 1837 786 1911 nescitis,
802 1837 889 1898 hodie
904 1837 985 1916 apud
1001 1851 1089 1916 quem
1104 1835 1176 1900 liet?

105 1923 299 1996 Trimalchio,
319 1922 499 1986 lautissimus
513 1923 619 1996 homo,
640 1921 827 2002 horologium
842 1923 873 1982 in
894 1921 1024 1982 triclinio
1045 1931 1077 1982 et
1090 1921 1176 1984 buci·
1205 1935 1229 1974 '‘-

105 2017 240 2068 natorem
256 2007 344 2068 babet
364 2006 575 2082 subornatum,
597 2017 631 2068 ut
652 2007 778 2069 subinde
793 2007 880 2079 sciat,
903 2016 1046 2086 quantum
1068 2007 1104 2068 de
1119 2007 1176 2068 vita

105 2093 285 2171 perdiderit’.
315 2094 470 2154 enu'cimur
492 2111 565 2172 ergo
583 2093 741 2172 diligenter
761 2093 844 2154 obliti
865 2092 999 2154 omnium
1020 2091 1174 2166 malormn,

59 2189 88 2238 to
105 2187 135 2238 et
149 2178 257 2239 Gitone
271 2178 464 2240 libentissime
478 2178 583 2240 servile
605 2178 736 2240 officium
749 2187 882 2240 tuentem
903 2195 998 2256 usque
1018 2177 1076 2238 boo
1091 2177 1175 2238 iuhe-

106 2281 172 2325 mus
186 2265 217 2324 in
234 2263 340 2334 balnea
354 2263 448 2341 sequi.
477 2281 534 2324 nos
548 2263 667 2324 interim
683 2264 779 2324 vestiti
794 2280 895 2323 errare
910 2263 1063 2341 coepimus
1193 2263 1234 2324 27

7 2421 8 2430 ἵ
106 2347 197 2410 immo
212 2349 304 2409 iocari
324 2348 417 2426 magis
438 2356 467 2409 et
488 2347 607 2408 circulis
621 2343 796 2431 [ludentem]
811 2348 967 2421 accedere,
988 2363 1056 2407 cum
1076 2346 1174 2410 subito

42 2441 89 2492 HL
109 2432 114 2516 l
136 2434 269 2495 videmus
287 2449 391 2495 senem
413 2433 541 2507 calvum,
561 2431 662 2493 tunica
678 2432 815 2494 vestitum
830 2449 946 2504 russea,
968 2432 1048 2492 inter
1067 2449 1177 2513 pueros

106 2519 257 2599 capillatos
276 2518 427 2580 ludentem
448 2517 517 2598 pila.
555 2535 611 2578 neo
629 2526 690 2578 mm
711 2518 797 2597 pueri
818 2535 889 2591 nos,
916 2531 1093 2597 quamquam
1112 2526 1176 2578 erat

57 2617 86 2666 25
106 2605 372 2684 operaepretium,
395 2604 432 2664 ed
446 2603 648 2683 spectaculum
670 2604 832 2677 duxerant,
855 2617 941 2681 quam
957 2602 1174 2682 ipsepatertlb·

103 2690 217 2762 miliae,
239 2690 289 2768 qui
303 2689 433 2750 soleatus
445 2688 507 2768 pila
521 2689 639 2768 prasina
659 2687 862 2750 exercebatur.
892 2705 949 2748 nec
970 2687 1095 2768 amplius
1110 2703 1175 2748 eam

103 2773 256 2854 repetebat
276 2791 351 2853 quae
371 2782 482 2836 terram
504 2773 684 2852 adaugeret,
710 2773 763 2835 sed
783 2773 883 2835 iollam
904 2774 1026 2853 plenum
1046 2769 1179 2836 habebat

102 2878 206 2922 servus
229 2859 453 2938 sulliciebetque
478 2857 658 2920 ludentibus.
697 2859 862 2927 notavimus
887 2859 974 2920 etiem
990 2875 1048 2921 *res
1074 2873 1176 2922 nove.

103 2962 174 3005 nam
187 2945 246 3005 duo
259 2947 409 3024 spadones
424 2945 455 3005 in
471 2943 584 3005 diverse
597 2953 683 3024 parte
696 2943 801 3006 circuli
814 2945 942 3019 stabant,
957 2960 1086 3024 quorum
1101 2945 1178 3007 alter

54 3043 83 3092 ao
102 3029 249 3090 matellam
264 3030 387 3092 tenebat
399 3037 578 3108 argenteam,
594 3028 668 3090 alter
682 3028 858 3090 numerabat
871 3025 961 3108 pilas,
976 3048 1039 3090 uon
1055 3031 1173 3109 qmdem

103 3133 153 3176 ees
167 3133 242 3194 quae
256 3116 453 3177 intermunus
467 3114 534 3176 lusu
548 3113 716 3193 expellente
731 3113 903 3187 vibrabant,
921 3114 972 3175 sed
987 3131 1128 3194 easquae
1141 3116 1174 3180 in

63 3208 89 3257 11
102 3201 413 3262 terremdecidehaut.
443 3199 579 3262 cumbas
594 3218 664 3280 ergo
686 3201 862 3263 miraremur
876 3198 1018 3272 lautitias,
1044 3196 1050 3281 Ι
1070 3215 1175 3262 accur·

101 3285 143 3346 rit
157 3285 307 3346 Menelaus
327 3293 357 3346 et
372 3285 432 3346 ‘hic
445 3285 498 3346 est²
513 3284 610 3363 inquit
625 3284 713 3364 ‘apud
735 3301 822 3363 quem
841 3283 975 3346 cubitum
989 3285 1123 3363 ponetis,
1144 3297 1175 3348 et

102 3369 225 3450 quidem
240 3370 297 3428 iam
318 3370 497 3449 principium
518 3388 609 3430 cenae
631 3369 753 3431 videtis'.
783 3377 813 3429 et
834 3369 891 3430 iam
911 3388 973 3430 ucu
995 3369 1174 3450 loquebatur

7 3459 9 3510 t
27 3462 83 3516 :aa
100 3452 255 3516 Menelaus
269 3471 337 3513 cum
357 3455 361 3528 Ι
380 3453 556 3516 Trimalchio
574 3455 681 3535 digitos
695 3453 886 3534 concrepuit,
908 3455 944 3516 ad
960 3456 1038 3533 quod
1053 3457 1171 3535 signum

99 3538 249 3601 matellam
269 3536 362 3617 spado
382 3537 497 3600 ludenti
522 3538 657 3602 subiecit
693 3548 852 3602 exonerata
877 3539 927 3600 ille
946 3541 1043 3602 vesica
1063 3559 1170 3620 aquam

100 3623 239 3705 poposcit
264 3623 300 3684 ad
326 3640 448 3696 manus,
474 3623 639 3702 digitosque
664 3623 817 3705 paululum
841 3625 997 3704 adspersos
1022 3625 1170 3705 incapite

99 3711 187 3790 pueri
200 3710 294 3771 tersit.

186 3845 201 3894 8
219 3843 354 3896 haeserant
365 3840 375 3910 ΙΙ
390 3841 422 3892 ta
440 3840 609 3891 amicandum
633 3844 660 3891 et
684 3841 827 3906 expectatio
850 3843 905 3892 nisi
928 3844 993 3894 baec
1009 3845 1170 3912 epitomata·

98 3912 206 3964 amaea
218 3911 228 3976 t
239 3914 272 3964 ao
287 3913 339 3963 noc
355 3908 510 3960 emaum
531 3909 639 3958 uestes
651 3907 661 3975 p
674 3909 703 3959 ar
723 3907 816 3963 museo
835 3907 845 3977 lt
861 3913 894 3962 aa
912 3911 970 3976 quie
990 3907 1039 3978 rrp
1057 3915 1094 3964 aa·
1107 3925 1167 3978 erge

101 3995 151 4032 um.
170 3978 261 4047 Llltt
273 3978 339 4048 guid
357 3979 408 4030 iam
424 3978 428 4045 Ι
444 3976 581 4030 etiamnum
600 3976 771 4044 Sobefferurl
785 3979 818 4030 36
836 3979 971 4046 supposuit
989 3979 1011 4029 t
1233 4001 1235 4004 ·

926 4066 964 4115 2*
