2768 4480
267 861 491 962 LEGES
528 863 978 966 OONVIVALES

615 1135 628 1195 l

81 1250 182 1312 Festus
194 1270 222 1330 p.
234 1245 300 1312 363
313 1250 361 1312 M:
376 1251 538 1332 Tappulam
553 1254 649 1334 legem
665 1255 845 1316 convivalem
861 1256 929 1316 licto
946 1256 1066 1318 nominc
1082 1275 1156 1319 con-

168 1335 287 1414 seripsit
302 1336 401 1399 iocoso
417 1338 548 1399 carmine
565 1339 697 1400 Valerius
712 1340 901 1416 Valentinus,
924 1342 1008 1404 cuius
1021 1343 1157 1404 meminit

167 1419 300 1566 Rupilius
324 1421 381 1482 hoc
408 1424 511 1483 morlo:
543 1423 721 1504 ‘Tappulam
745 1424 844 1486 rident
872 1426 967 1505 legem
993 1444 1157 1507 congerrae
1246 1505 1249 1512 Ι

195 1504 285 1584 prmr'.

85 1589 334 1652 Tobutoeoltenue
354 1591 551 1671 frequentem
573 1593 656 1653 modo
677 1590 805 1654 Vercellis
820 1596 969 1656 inuetitum
992 1596 1067 1676 quod
1088 1596 1157 1675 lepis

172 1672 315 1755 Tappuloe
336 1680 593 1758 praescriptionem
613 1681 754 1750 euanuit,
779 1679 942 1759 propediem
968 1681 1048 1741 edent
1067 1699 1155 1762 penes

169 1778 238 1840 qnos
252 1763 313 1822 eires
327 1765 372 1822 rei
382 1771 506 1842 potestus
521 1774 561 1824 est

607 1967 633 2026 ll

169 2081 338 2145 Antaclorioe
359 2087 419 2144 siue
433 2082 553 2154 anroli
565 2085 634 2165 pinis
647 2107 677 2166 p.
693 2081 736 2147 59
752 2085 881 2167 Peipen':
903 2088 1069 2150 mercedem
1092 2088 1156 2148 vul·

83 2186 189 2229 nerum
203 2168 298 2229 rictus
313 2168 443 2248 accipiat.
479 2170 624 2249 parasitus
645 2171 675 2230 in
697 2171 832 2232 convivio
855 2172 984 2234 siluerit
1006 2181 1085 2234 veste
1111 2171 1155 2232 di·
1199 2183 1208 2202 ·

81 2255 208 2328 scissae,
230 2270 331 2332 aroge
347 2253 472 2314 convivii
490 2255 608 2335 duplam
630 2256 797 2317 mercedem
817 2256 1011 2336 reparationis
1027 2256 1159 2335 accipiat.

82 2340 118 2400 cle
131 2338 272 2400 livoribus
286 2338 316 2398 in
333 2339 525 2418 quadrantem
542 2339 626 2400 solidi
643 2340 747 2415 unius,
769 2341 805 2401 de
822 2341 994 2402 tumoribus
1015 2342 1045 2402 in
1067 2340 1162 2402 trico-

45 2439 58 2488 5
81 2435 142 2486 tem
158 2442 256 2503 poena
271 2423 419 2485 transibit.
450 2426 566 2503 quodsi
581 2432 609 2486 et
623 2425 954 2502 tumoriueritctlivor,
971 2425 1056 2487 solidi
1072 2426 1162 2488 unius

81 2511 201 2571 bessem
222 2508 286 2569 iure
309 2509 420 2590 optimo
443 2518 652 2590 consequetur.
694 2529 784 2572 unam
804 2529 873 2572 vero
900 2511 1016 2572 unciam
1042 2510 1160 2591 aposiae

82 2591 154 2679 [boc
170 2601 215 2654 est
230 2589 422 2676 excoctionis]
439 2596 690 2677 contemplatione
706 2596 905 2658 concedimus.
936 2595 1045 2677 placuit
1060 2603 1159 2656 autem

82 2689 115 2741 ut
130 2679 218 2740 etiam
233 2679 268 2739 dc
285 2679 377 2759 plagis
398 2688 427 2740 et
448 2681 621 2744 vulneribus
637 2681 734 2743 infixis
755 2690 902 2744 summoto
918 2681 1044 2762 strepitu
1059 2681 1159 2742 crimi-

81 2764 142 2825 nali
158 2764 319 2825 amicorum
336 2773 503 2844 praestetur
518 2767 678 2848 inspectio,
703 2767 742 2828 ita
764 2775 797 2828 ut
811 2769 986 2829 dodrantem
1002 2766 1087 2830 solidi
1103 2785 1160 2828 nec

35 2859 59 2910 tu
80 2849 292 2930 inspicientem
314 2850 406 2928 gratia
430 2869 485 2911 nec
507 2851 658 2932 largientis
680 2854 802 2913 excedat
823 2853 1000 2915 humanitas.
1040 2852 1071 2913 in
1088 2852 1158 2913 luxu

81 2943 181 2995 autem
197 2942 227 2994 et
242 2933 358 2994 ossibus
373 2934 439 2995 loco
454 2936 542 2996 motis
556 2955 651 3016 usque
667 2937 702 2996 ad
718 2936 863 2998 deuncem
881 2937 967 3000 solidi
982 2936 1158 2997 iniuriarum

82 3020 271 3080 commodum
287 3017 399 3096 placuit
414 3019 542 3080 extendi.
572 3021 643 3081 item
655 3038 745 3099 porro
761 3020 797 3082 de
810 3020 925 3083 ossibus
937 3021 1037 3082 tractis
1048 3019 1159 3099 placuit

83 3105 281 3182 convenitque
297 3109 331 3164 ut
345 3103 374 3164 in
392 3104 584 3166 minutalibus
600 3105 724 3179 solidus,
746 3106 777 3167 in
792 3104 1006 3186 principalibus
1023 3121 1093 3165 vero
1110 3123 1158 3166 os·

168 3272 177 3322 l
196 3271 322 3324 Valerius
339 3270 412 3323 Mac.
426 3271 478 3324 Vlll
498 3273 553 3336 1,8
572 3271 598 3324 G.
617 3274 694 3325 etiam
713 3272 865 3326 Cosconium
884 3271 990 3324 Servilia
1009 3271 1067 3338 lege
1085 3285 1156 3323 reum

80 3344 186 3406 propter
221 3339 311 3392 lurima
330 3346 357 3392 et
374 3339 566 3394 evidentissima
585 3341 698 3394 facinora
715 3342 771 3394 siue
784 3341 835 3394 ulla
848 3340 1008 3392 dubitatione
1020 3342 1156 3392 nocentem

82 3407 167 3459 Valeri
210 3407 316 3459 alentini
334 3408 491 3461 accusatoris
512 3409 568 3461 eiua
591 3410 727 3461 recitatum
751 3410 778 3460 in
802 3407 896 3461 iudicio
919 3422 1033 3472 carmen,
1056 3407 1081 3457 in
1105 3422 1157 3473 quo

79 3489 189 3543 puerum
207 3479 395 3540 praetextatum
413 3479 440 3527 et
451 3476 587 3543 iugenuam
599 3478 725 3545 virginem
743 3493 758 3529 a
776 3492 804 3530 se
817 3480 963 3542 corruptam
979 3476 1080 3542 poetico
1098 3475 1156 3525 ioco

80 3539 293 3663 qigrrititlppeverat,i
307 3543 401 3660 erepit,
426 3543 447 3594 si
466 3545 569 3612 quidem
586 3546 684 3665 ipdicqs
701 3545 796 3665 inicurp
813 3545 861 3664 plati
879 3547 939 3663 eundi
957 3559 1015 3595 eum
1032 3544 1156 3663 vippqpqpr

97 3625 142 3662 nor
268 3625 283 3660 u
336 3625 429 3662 amam
453 3627 505 3665 non
528 3628 559 3665 ex
582 3629 633 3666 aro
667 3628 722 3666 erre
745 3629 774 3666 se
832 3627 899 3665 ese
937 3627 981 3664 are
1003 3626 1056 3663 mer
1149 3647 1156 3661 .

81 3685 161 3730 tetum
183 3624 272 3728 poietin
294 3626 344 3729 ant
365 3678 478 3730 similent
501 3681 605 3732 Plinius
628 3685 760 3748 respicere
784 3682 891 3733 uidetur
911 3685 967 3734 not.
986 3677 1086 3732 te.le
1106 3680 1156 3730 tto

82 3748 148 3800 alius
169 3749 200 3797 ut
218 3749 342 3812 quantum
361 3745 454 3798 biberit
476 3751 573 3801 tautum
598 3750 650 3801 edit
668 3751 778 3816 pretium
803 3749 959 3801 vinolentiae
977 3748 1036 3815 lege
1053 3745 1156 3812 accipit,

82 3817 148 3868 alius
166 3817 289 3882 quantum
307 3812 362 3866 alea
382 3814 520 3882 quaesierit
540 3820 638 3869 tautum
656 3818 722 3871 bibit

166 3882 313 3934 llinitium
329 3899 423 3934 cumae
447 3887 646 3939 constitutionis
668 3903 723 3938 una
746 3903 807 3939 cnm
826 3885 937 3954 Qneroli
957 3888 1033 3938 cuitu
1046 3886 1133 3952 periit
1149 3882 1159 3949 ΙΙ

83 3957 96 4006 t
116 3951 326 4018 contemplationi
344 3953 387 4004 eet
402 3953 454 4005 ·nis
471 3953 535 4005 titre·
547 3953 585 4021 il⁸
603 3970 702 4010 summo
720 3957 804 4009 eidam
