2768 4480
223 148 285 209 232
687 149 835 204 SENECAE

129 362 157 392 1,
226 342 285 404 que
300 332 352 399 est,
369 323 437 402 quid
454 323 489 384 de
512 321 598 384 nobis
620 320 827 384 existimabitl’
850 322 901 383 illo
924 321 1044 384 dimisso
1066 323 1182 402 primus
1203 325 1306 386 inter·

227 417 348 488 rogatur
362 408 539 469 sententiam
555 406 644 469 lanus
660 415 752 486 pater.
782 407 808 468 is
822 407 991 486 designatus
1011 416 1074 469 erat
1093 409 1125 470 iu
1141 409 1198 470 lval.
1212 411 1306 472 Iulias

227 493 474 575 postmeridianus
496 492 615 565 consul,
644 493 732 553 homo
760 493 949 571 quantumvis
974 493 1070 566 valer,
1101 494 1151 573 qui
1181 514 1307 575 semper

226 579 304 640 videt
318 568 387 660 ἅμα
402 574 543 662 πρόσσω
557 576 614 641 καὶ
628 567 773 641 ὀπίσσω.
804 578 829 638 is
845 577 935 638 multa
950 577 1073 654 diserte,
1089 579 1170 657 quod
1185 579 1217 640 in
1235 582 1303 641 loro

228 663 348 737 vivebat,
369 662 455 737 dixit,
479 681 554 742 quae
577 663 709 724 notarius
731 663 870 742 persequi
893 681 955 724 non
978 663 1074 741 potuit
1096 672 1127 725 et
1146 664 1214 725 ideo
1239 683 1303 726 non
1327 674 1340 722 5

227 750 334 824 refero,
352 766 388 809 ne
404 747 467 810 aliis
481 747 577 809 verbis
591 766 710 826 ponam,
726 765 801 826 quae
816 748 853 808 ab
865 747 914 808 illo
926 747 1003 808 dicta
1014 756 1095 810 sunt.
1124 749 1219 810 multa
1229 749 1305 810 dixit

227 835 264 895 de
279 832 482 912 magnitudine
496 833 635 894 deorum:
652 851 713 894 non
728 832 837 894 dehere
851 832 934 894 hunc
950 833 1036 911 vulgo
1059 834 1121 894 dari
1143 835 1304 896 honorem.

229 919 318 979 ‘olim’
334 917 432 996 inquit
455 923 570 996 ‘magna
593 937 640 980 res
662 926 725 979 erat
746 918 834 979 deum
857 918 936 979 fieri:
964 918 1023 979 iam
1046 919 1152 980 lamam
1174 919 1303 980 mimum
1365 915 1366 972 i

229 1004 347 1066 lecistis.
377 1001 476 1082 itaque
488 1021 527 1065 ne
539 1003 637 1064 videar
647 1003 677 1063 in
690 1021 858 1083 personam,
875 1022 935 1065 non
948 1003 979 1065 in
992 1022 1054 1064 rem
1066 1003 1164 1066 dicere
1246 1023 1303 1065 en-
1365 1011 1366 1050 ³

228 1089 307 1161 tiam,
324 1106 432 1149 censeo
449 1107 487 1149 ne
503 1088 569 1167 quis
583 1096 652 1167 post
665 1089 747 1150 hunc
763 1087 839 1149 diem
854 1089 927 1150 deus
942 1089 992 1149 liat
1007 1107 1043 1149 ex
1060 1089 1115 1163 his,
1285 1123 1303 1132 -
1328 1097 1366 1147 tt¹

230 1195 288 1259 ρης
302 1167 431 1257 καρπὸν
447 1168 578 1238 ἔδουσιν
594 1174 654 1250 [aut
669 1193 705 1234 ex
720 1173 780 1247 bis,
803 1192 879 1252 quos
901 1173 951 1234 alit
974 1169 1128 1258 ζείδωρος
1239 1176 1302 1259 pal.

230 1258 280 1337 qui
296 1266 399 1319 contra
414 1258 470 1318 hoc
487 1267 608 1320 senatus
631 1258 800 1320 consultum
822 1259 895 1320 deus
916 1259 1026 1333 lectus,
1049 1259 1146 1320 dictus
1167 1259 1302 1339 pictusve

230 1343 294 1417 erit,
314 1360 381 1404 eum
397 1342 463 1403 dedi
478 1342 582 1404 Laruis
593 1351 626 1404 et
639 1343 775 1423 proximo
790 1361 915 1404 munere
929 1343 1008 1406 inter
1023 1363 1116 1405 novos
1130 1351 1303 1404 auctoratos

230 1427 332 1490 ferulis
347 1428 483 1508 vapulare
500 1428 612 1508 placet!
642 1428 794 1507 proximus
808 1428 1011 1508 interrogatur
1025 1429 1206 1490 sententiam
1219 1429 1301 1490 [lies-

229 1514 306 1593 piter
322 1511 407 1574 Vicae
423 1513 512 1574 Potae
527 1513 613 1588 filius,
636 1512 744 1592 etipse
759 1514 929 1592 designatus
948 1513 1062 1588 consul,
1086 1514 1302 1576 nummulario·
1328 1522 1352 1572 tt

230 1598 289 1660 lus:
305 1599 363 1659 hoc
377 1607 502 1677 quaestu
516 1617 547 1660 se
568 1597 747 1672 sustinebat,
772 1599 899 1660 vendere
921 1599 1082 1660 civitatulas
1104 1599 1230 1660 solebat.
1266 1598 1302 1659 ad

198 1747 200 1754 ,
230 1684 309 1744 hunc
325 1683 401 1744 belle
416 1683 539 1745 accessit
553 1683 695 1745 llercules
715 1692 744 1744 et
757 1684 918 1746 auriculam
934 1684 975 1744 illi
990 1683 1093 1763 tetigit.
1123 1692 1229 1744 censet
1248 1684 1302 1744 ita-

231 1786 288 1847 que
304 1767 335 1828 in
351 1768 424 1830 haec
438 1767 541 1830 verba:
559 1771 635 1828 ‘cum
652 1768 734 1830 divus
747 1768 883 1830 Claudius
898 1777 928 1830 et
942 1767 1041 1829 divum
1053 1767 1221 1848 Augustum
1234 1787 1301 1830 san-

231 1853 320 1933 guine
336 1854 489 1932 contingat
505 1871 560 1914 nee
575 1853 675 1915 minus
689 1854 784 1914 divam
799 1854 961 1932 Augustam
976 1853 1068 1914 aviam
1090 1872 1189 1928 suam,
1215 1872 1301 1932 quam

231 1938 294 2018 ipse
309 1938 393 1998 deam
408 1955 472 2000 esse
488 1937 581 2011 iussit,
597 1939 745 2018 longeque
764 1956 869 2000 omnes
892 1938 1029 2000 mortales
1051 1938 1197 2017 sapientia
1220 1947 1303 2000 ante·
1325 1947 1349 1996 tu

231 2022 326 2096 collat,
346 2022 442 2100 sitque
458 2041 474 2082 e
490 2041 522 2083 re
540 2023 659 2102 publica
673 2043 737 2085 esse
753 2023 879 2103 aliquem
903 2023 954 2103 qui
976 2041 1043 2084 cum
1059 2022 1188 2084 Romulo
1211 2023 1304 2104 possit

238 2107 396 2169 “ferventia
417 2125 487 2186 rapa
508 2108 644 2169 vorare'':
667 2127 775 2171 censeo
798 2109 841 2170 uti
863 2109 946 2170 divus
968 2108 1104 2170 Claudius
1127 2127 1164 2168 er
1178 2109 1235 2170 hac
1257 2108 1303 2168 die

232 2192 365 2267 deussit,
386 2193 425 2254 ita
449 2193 491 2253 uti
513 2201 581 2254 ante
603 2212 670 2255 eum
693 2195 744 2274 qui
767 2194 878 2275 optimo
901 2195 965 2255 iure
988 2195 1083 2255 lactus
1101 2193 1155 2268 sit,
1178 2211 1304 2272 eamque

233 2297 296 2340 rem
311 2277 346 2339 ad
362 2279 607 2358 metamorphosis
623 2279 707 2340 Ovidi
725 2279 925 2340 adiciendam'.
962 2278 1057 2339 variae
1077 2286 1163 2338 erant
1179 2287 1303 2340 senten·

234 2363 299 2437 tiae,
316 2371 345 2424 et
357 2363 510 2424 videbatur
525 2363 661 2427 Claudius
676 2364 874 2442 [sententiam]
889 2363 1017 2425 vincere.
1046 2362 1191 2425 Hercules
1214 2364 1304 2436 enim,
1324 2371 1348 2421 25

235 2448 285 2527 qui
300 2448 412 2510 videret
426 2449 537 2510 sermm
549 2468 636 2510 suum
652 2449 682 2509 in
698 2449 767 2530 igne
783 2468 857 2523 esse,
873 2449 961 2510 modo
975 2449 1034 2510 huc
1046 2449 1133 2509 modo
1149 2448 1220 2510 illue
1236 2467 1304 2510 our·

234 2533 316 2596 sabat
330 2541 358 2594 et
374 2533 484 2595 aiebat:
501 2534 572 2596 ‘noli
587 2534 658 2595 milri
680 2535 827 2609 invidere,
849 2553 915 2596 urea
938 2552 986 2596 res
1007 2533 1117 2613 agitur:
1141 2533 1251 2595 deinde
1274 2544 1306 2595 tu

234 2619 258 2681 si
275 2617 344 2696 quid
360 2618 497 2691 volueris,
512 2620 543 2679 in
559 2619 652 2680 vicem
666 2619 786 2680 faciam:
803 2637 908 2682 manus
923 2637 1044 2682 manum
1059 2618 1152 2678 lavat'.

176 2704 215 2765 10
319 2711 391 2764 tunc
412 2702 494 2764 divus
514 2703 664 2780 Augustus
684 2705 813 2765 surrexit
834 2705 998 2766 sententiae
1018 2721 1089 2765 suae
1110 2701 1177 2764 loco
1201 2703 1304 2764 diceu-

234 2787 287 2850 dae
303 2796 333 2847 et
347 2804 461 2848 summa
479 2787 616 2849 lacundia
638 2788 790 2851 disseruit:
814 2788 888 2870 ‘ego'
910 2789 1008 2868 inquit
1030 2795 1069 2869 ‘p.
1093 2807 1118 2848 o.
1140 2806 1192 2848 vos
1215 2795 1307 2850 testes
1326 2797 1349 2846 a)

233 2871 337 2946 habeo,
354 2891 389 2932 cx
405 2891 464 2951 quo
479 2873 552 2935 deus
567 2874 661 2936 factus
673 2893 748 2949 sum,
762 2875 875 2936 nullum
891 2893 938 2936 me
954 2873 1076 2935 verbnm
1087 2872 1209 2936 iecisse:
1227 2891 1305 2934 sem·

232 2976 287 3039 per
300 2975 399 3019 meum
415 2959 567 3038 negotium
582 2978 647 3038 ago.
682 2959 734 3022 sed
756 2979 818 3021 non
833 2978 954 3040 possum
975 2958 1100 3039 amplius
1120 2957 1305 3028 dissimulare

233 3053 263 3105 et
284 3043 431 3119 dolorem,
455 3063 544 3124 quem
566 3045 730 3124 graviorem
752 3045 850 3125 pudor
870 3045 953 3118 lacit,
984 3044 1148 3104 continere.
1193 3042 1225 3103 in
1249 3043 1305 3104 lroc

232 3137 311 3192 terra
325 3128 458 3208 marique
472 3147 576 3210 paoem
590 3127 714 3210 peperi?
736 3130 801 3192 ideo
821 3129 915 3191 civilia
930 3128 1006 3190 bella
1025 3125 1217 3208 compescui?
1238 3128 1304 3190 ideo

232 3213 348 3292 legibus
363 3213 468 3275 urbem
484 3214 620 3289 fundavi,
637 3215 778 3294 operibus
794 3215 911 3290 ornavi,
927 3222 1015 3276 ut-
1031 3215 1101 3293 quid
1122 3212 1218 3274 dicam
1232 3232 1262 3292 p.
1280 3232 1303 3273 o.
1324 3221 1349 3271 at

234 3318 295 3361 non
311 3297 447 3361 invenio:
464 3300 563 3361 omnia
579 3299 656 3361 inira
673 3299 907 3380 indignationem
922 3300 1009 3361 verba
1020 3307 1101 3362 sunt.
1126 3298 1303 3375 confugien-

233 3384 303 3445 dum
319 3391 364 3446 est
377 3383 476 3463 itaque
491 3385 525 3446 ad
542 3385 682 3447 Messalae
698 3385 833 3461 Corvini,
850 3385 1033 3448 disertissimi
1047 3384 1117 3457 viri,
1140 3383 1221 3444 illam
1235 3401 1302 3444 sen·

233 3468 370 3531 tentiam:
389 3470 500 3548 “pudet
515 3469 660 3550 imperli'’.
688 3469 747 3544 hic,
762 3489 792 3550 p.
805 3489 830 3531 o.
846 3471 897 3549 qui
911 3469 995 3532 vobis
1010 3489 1072 3531 non
1087 3486 1175 3550 posse
1189 3468 1303 3532 videtur

233 3571 365 3616 muscam
388 3553 524 3630 excitare,
540 3563 600 3616 tam
614 3555 699 3616 facile
713 3555 851 3617 lromines
866 3555 1028 3630 occidebat,
1044 3572 1132 3634 quam
1155 3554 1238 3616 canis
1253 3553 1301 3614 ad-

234 3638 310 3701 sidit.
352 3639 403 3700 sed
427 3639 497 3717 quid
520 3657 574 3718 ego
597 3641 633 3702 de
656 3649 701 3702 tot
722 3659 756 3702 ac
779 3639 886 3704 talibus
907 3641 978 3703 viris
1000 3637 1117 3702 dicam‘l
1140 3657 1201 3699 non
1225 3647 1303 3699 vacat
1323 3645 1346 3694 lt

318 3791 333 3839 t
352 3789 423 3841 vivat
439 3787 448 3858 ll
469 3789 586 3844 Stabam
604 3790 709 3842 mimum
728 3790 818 3843 Cicero
837 3791 925 3842 eodem
943 3807 1008 3842 assare
1028 3791 1171 3857 prouerbio
1196 3789 1235 3840 nd
1249 3790 1302 3841 Ait.

236 3854 250 3902 1
266 3854 306 3915 16,
326 3855 358 3906 13
375 3854 385 3922 ll
405 3859 434 3908 12
453 3858 626 3909 intercidttne
643 3857 736 3910 lictus?
752 3858 762 3924 ΙΙ
783 3861 813 3910 ll
830 3857 874 3908 nis
892 3862 964 3921 pater
988 3859 1029 3908 vet
1045 3857 1157 3924 Dispiter
1175 3857 1302 3909 Sallenite-

233 3921 286 3970 tv'ur
299 3919 309 3986 ll
321 3922 353 3973 23
371 3923 429 3987 quis
443 3924 497 3989 1129
514 3939 562 3976 suo
580 3926 665 3976 eadee
684 3923 908 3990 Guelferbptnnur
