2780 4480
204 192 264 254 148
669 191 816 246 GARbssNA

309 388 365 431 nec
380 368 543 431 seminosas
557 367 592 428 ad
609 365 777 428 cucurbitas
792 383 970 447 quemquam

309 454 345 516 ad
360 455 524 517 ocimumue
539 469 772 531 cucumeresque
787 450 870 514 humi
885 453 966 516 lusos

308 540 410 601 venire
426 540 524 614 credo,
540 537 690 600 sessilcsve
707 537 835 599 lactucas

237 635 267 687 tt
309 643 451 705 acresque
467 642 570 704 caepas
585 623 733 702 aliumque
751 624 890 698 furatum,

238 720 267 772 to
310 728 365 772 nco
381 718 413 772 ut
428 711 538 772 salaces
554 717 641 772 nocte
657 707 740 770 tollat
755 725 859 770 erucas

309 804 498 874 mentumque
514 796 644 856 olentem
660 811 728 856 cum
742 792 911 856 salubribus
926 795 1009 857 rutis.

309 899 383 960 quae
399 889 506 942 cuncta
521 879 652 960 quamvis
668 887 771 940 nostro
787 877 929 942 babemus
945 879 975 942 in
991 888 1103 961 saepto,

311 985 372 1028 nou
388 965 527 1047 pauciora
543 964 668 1045 proximi
684 965 785 1025 lerunt
800 964 888 1026 horti.

239 1061 268 1112 tl
312 1050 420 1130 quibus
435 1051 546 1113 relictis
561 1051 592 1112 in
608 1049 681 1110 mibi
695 1049 860 1112 laboratum

309 1137 408 1198 locum
423 1136 537 1210 venitis,
553 1134 763 1215 improbissimi
779 1135 874 1196 iures:

311 1220 450 1282 nimirum
467 1228 598 1301 apertam
613 1220 776 1282 convolutis
791 1219 826 1280 ad
841 1237 978 1300 poenam,

310 1307 368 1368 hoc
381 1325 434 1368 vos
448 1315 478 1367 ct
492 1306 600 1386 ipsum,
616 1306 696 1384 quod
711 1305 868 1380 minamur,
883 1304 996 1366 invitat.

718 1465 770 1536 nu

312 1576 392 1640 Heus
407 1585 450 1652 lu,
466 1597 527 1638 non
544 1577 621 1639 bene
635 1577 687 1657 qui
702 1595 824 1639 manum
839 1593 975 1655 rapacem

311 1663 449 1724 mandato
465 1663 535 1724 mihi
552 1662 690 1724 contines
705 1663 741 1723 ab
757 1662 852 1736 horto,

312 1748 369 1809 iam
384 1747 513 1830 primum
528 1755 620 1810 stator
634 1747 682 1808 bic
697 1747 872 1809 libidinosus

311 1832 432 1895 alternis
447 1841 476 1894 et
491 1833 588 1894 eundo
605 1839 635 1893 ct
650 1832 784 1893 excundo

254 1927 269 1976 l
311 1926 396 1998 porta
412 1928 440 1979 te
456 1917 543 1978 faciet
557 1917 762 1997 patentiorem.

312 2002 455 2063 accedent
470 2000 537 2077 duo,
555 2002 605 2081 qui
620 2001 697 2062 latus
713 2008 843 2078 tuentur,

312 2087 414 2168 pulcre
430 2086 594 2168 pensilibus
609 2087 764 2166 peculiati3

313 2172 364 2252 qui
381 2191 449 2234 cum
464 2172 582 2234 temate
598 2171 729 2234 foderint
742 2173 896 2246 iacentem,

313 2258 347 2319 ad
363 2266 478 2339 partem
492 2259 592 2320 veniet
606 2257 684 2320 salax
699 2259 805 2320 asellus

242 2351 269 2403 10
314 2342 376 2405 nilo
392 2342 521 2406 deterius
537 2343 730 2406 mutuniatus.

314 2446 405 2508 quare
421 2429 472 2509 qui
487 2431 589 2510 sapiet,
606 2429 714 2491 malum
731 2427 850 2502 cavebit,

314 2532 381 2575 cum
396 2522 512 2575 tantum
526 2514 599 2576 sciet
614 2533 678 2576 esse
693 2512 901 2576 mentularum.

713 2681 779 2743 mu
822 2649 826 2652 ’

317 2781 483 2844 Contentus
497 2781 615 2843 modico
631 2781 764 2844 bacchus
779 2782 854 2844 sciet
870 2801 932 2844 csse
948 2799 1075 2856 racemo,

360 2886 427 2929 cum
443 2867 560 2947 capiant
574 2867 624 2929 alti
635 2867 681 2928 vix
697 2868 753 2929 cita
768 2875 863 2930 musta
878 2867 968 2942 lacus,

315 2971 479 3034 magnaque
494 2953 630 3015 fecundis
645 2972 713 3016 cum
728 2953 874 3017 messibus
890 2971 956 3014 area
968 2951 1051 3027 desit,

361 3040 391 3102 in
409 3038 524 3102 Cereris
540 3039 638 3102 crines
653 3059 714 3102 una
729 3058 840 3103 corona
855 3039 949 3100 datur.

257 3133 271 3184 t
316 3134 346 3186 tu
363 3144 491 3205 quoque,
508 3125 571 3186 dive
586 3126 693 3202 minor,
710 3127 855 3188 maiorum
871 3123 1002 3204 exempla
1017 3129 1145 3193 secutus,

362 3211 494 3290 quamvis
509 3228 602 3291 pauca
618 3210 730 3287 damus,
747 3210 869 3272 consule
885 3226 973 3289 poma
987 3207 1068 3270 boni.

708 3378 787 3440 L1111

316 3479 362 3542 CD
378 3479 403 3542 si
418 3479 530 3542 scribas
544 3488 752 3559 temonemque
768 3480 892 3560 insuper
906 3479 1002 3554 addas,

362 3565 413 3644 qui
428 3565 558 3628 medium
572 3565 633 3626 vult
647 3573 676 3627 tc
691 3565 836 3654 scindere,
853 3565 950 3646 pictus
965 3565 1030 3629 crit.

295 3750 323 3803 Li
341 3753 373 3806 28
392 3756 418 3805 et
436 3765 484 3804 ros
500 3750 550 3804 hoc
567 3752 652 3819 ipsum
670 3749 679 3816 i
699 3749 739 3803 LII
756 3753 772 3804 4
790 3749 901 3803 ineundo
920 3749 999 3814 volgo
1015 3747 1018 3815 Ι
1035 3750 1050 3801 9
1070 3749 1169 3816 partum
1184 3747 1284 3814 plures.

211 3821 296 3883 partes
314 3817 486 3886 Salmariusl
510 3819 732 3873 annihilaverat
755 3817 790 3871 nil
813 3821 862 3870 aul
879 3817 914 3869 nil
932 3817 982 3867 ism
1004 3814 1008 3883 Ι
1031 3819 1058 3868 11
1086 3816 1139 3883 qui]
1168 3815 1189 3867 si
1216 3817 1285 3868 libri.

209 3883 292 3936 malus
309 3887 488 3938 Bacbrancr‘mr
510 3885 515 3954 Ι
540 3891 571 3939 12
596 3887 661 3938 sciat
681 3885 801 3938 Catullus
818 3888 835 3937 5
841 3923 847 3948 ‚
867 3886 900 3935 14
922 3883 931 3949 Ι)
953 3881 1003 3934 bill
1021 3885 1035 3934 2
1059 3882 1133 3935 altos.
1169 3882 1285 3943 fortasse

210 3951 294 4019 capiat
312 3952 408 4004 mullus
422 3952 431 4020 ll
443 3952 502 4002 Lllll
522 3957 533 4004 1
554 3953 592 4003 Ed
610 3953 632 4003 si
647 3953 651 4018 Ι
668 3954 683 4002 ⁸2
703 3958 728 4002 tc
746 3951 802 4002 vult
819 3951 898 4012 volgo

336 4252 808 4440 ,Γ
917 4157 919 4161 ,
