2768 4480
292 1107 384 1161 Oicero
411 1106 624 1158 acumicorum
645 1110 713 1172 pusi
737 1106 753 1156 I
773 1106 791 1159 8
811 1107 841 1157 in
858 1119 978 1171 persona
1002 1106 1151 1160 Varronis:
1178 1110 1204 1163 in
1231 1111 1287 1164 illis

203 1192 336 1246 veteribus
363 1191 471 1257 uostris,
498 1206 564 1259 qnae
587 1189 737 1258 Menippum
763 1189 866 1255 imitati,
894 1205 946 1242 non
972 1190 1143 1260 interpretati,
1172 1195 1283 1263 quatiam

205 1276 334 1330 hilaritate
353 1276 556 1344 comperuimus,
582 1292 634 1344 quo
652 1274 754 1327 facilius
771 1274 856 1328 minus
874 1273 944 1328 (loeti
961 1275 1141 1344 intellegerent
1166 1279 1283 1332 iucundi·

204 1364 258 1415 tate
277 1360 386 1430 quadam
404 1359 436 1413 ad
448 1357 585 1426 legendum
603 1357 713 1423 invitati,
731 1358 811 1412 multa
830 1359 942 1412 admixta
960 1376 991 1413 ex
1007 1361 1096 1414 intima
1108 1362 1284 1432 philosophia,

204 1446 287 1499 multa
304 1445 372 1499 dieta
390 1444 532 1498 dialectice.
568 1443 662 1496 deinde
680 1446 711 1495 in
728 1460 777 1496 suu
791 1460 909 1510 persona
924 1446 1072 1498 Varronem
1091 1447 1234 1500 nunonem
1250 1450 1283 1501 9.-

204 1530 393 1601 plurimumque
411 1529 479 1583 idem
497 1528 581 1597 poetis
599 1528 693 1582 uostris
711 1530 867 1597 omninoque
884 1530 1016 1585 latinis.et
1032 1530 1114 1584 literis
1133 1533 1238 1586 luminis
1255 1537 1285 1585 et

202 1617 290 1669 verbis
308 1615 418 1670 attulisti
435 1620 513 1684 atque
530 1614 586 1682 ipse
603 1614 702 1667 varium
726 1620 752 1667 et
774 1614 878 1684 elegans
902 1615 972 1668 omni
989 1615 1042 1668 iere
1063 1632 1169 1670 numero
1188 1633 1280 1686 poema

204 1701 290 1755 iecisti
312 1700 554 1769 philosophiamque
576 1698 665 1752 multis
688 1699 753 1752 locis
774 1700 915 1767 inchoasti,
942 1700 974 1753 ad
996 1697 1180 1769 impellendum
1208 1703 1283 1768 satis,

163 1817 166 1824 =
205 1784 237 1840 ad
256 1785 412 1839 edocendum
431 1800 528 1854 parum.

289 1871 475 1936 Quintilianus
491 1873 672 1924 institutionis
690 1875 758 1924 oroi.
770 1869 799 1922 X
807 1871 831 1934 1,
843 1868 893 1923 95.-
911 1869 1018 1923 alternm
1035 1870 1099 1924 illud
1118 1871 1197 1924 etiam
1210 1871 1282 1938 prius

204 1959 306 2010 saturae
320 1971 400 2023 genus
418 1955 464 2008 sed
477 1972 529 2009 non
542 1955 596 2009 sola
609 1956 747 2010 carminum
760 1957 886 2009 varietate
897 1956 1004 2008 mixtum
1017 1955 1132 2008 condidit
1144 1954 1283 2008 Terentius

204 2039 294 2112 Varro,
311 2040 352 2092 vir
368 2038 538 2094 Romanorum
558 2040 772 2096 eruditissimus.'
789 2097 792 2104 ,
1079 2043 1082 2046 ’

289 2113 392 2178 Probus
408 2129 541 2194 interpres
560 2127 665 2192 Vergili
682 2113 729 2178 sei.
748 2108 791 2178 Vi
804 2125 853 2178 31:
871 2121 951 2178 Varro
969 2125 1040 2192 quisi
1057 2111 1211 2191 Menippeus
1228 2138 1281 2176 non

204 2226 219 2262 a
237 2209 371 2277 magistro,
391 2211 463 2264 cuius
481 2216 552 2264 aetas
569 2210 648 2277 longe
665 2213 853 2279 praecesserat,
879 2209 1037 2276 nominatus,
1055 2207 1100 2261 sed
1119 2223 1134 2260 a
1153 2208 1282 2260 societate

204 2295 309 2361 ingenii,
328 2294 397 2364 quod
414 2296 437 2348 is
456 2311 559 2364 quoque
578 2296 715 2362 omnigeno
734 2295 846 2348 carmine
863 2294 955 2348 satiras
972 2308 1032 2347 suas
1051 2292 1219 2362 expoliverat.

292 2380 390 2433 Gellius
413 2383 531 2432 noenum
548 2381 604 2433 An.
623 2381 654 2431 II
675 2382 723 2435 18:
746 2379 882 2446 Menippus
907 2378 979 2431 cuius
1000 2378 1080 2431 libros
1097 2376 1130 2430 Μ.
1149 2377 1231 2431 Varro
1252 2378 1282 2430 in

204 2464 289 2517 satiris
307 2463 450 2518 aemulatus
468 2469 516 2530 est,
535 2480 600 2534 quas
617 2466 661 2519 alii
680 2467 792 2535 cynicos,
812 2465 869 2532 ipse
888 2462 1001 2531 appellat
1018 2461 1176 2530 Menippeas.

289 2549 469 2621 Hieronymus
490 2551 520 2601 in
543 2554 662 2602 extremo
686 2551 775 2602 indice
799 2550 929 2601 librarum
949 2549 1081 2602 Varronis
1104 2549 1182 2613 (snus.
1204 2549 1280 2599 risen.

204 2633 258 2686 XII
268 2650 298 2702 p.
317 2636 377 2701 151)
396 2638 585 2686 conmemorat
600 2634 734 2686 satirarum
752 2632 943 2700 Menippearum
960 2633 1040 2686 libros
1058 2631 1108 2696 ct,
1130 2637 1280 2699 poematum

204 2718 284 2771 libros
295 2717 327 2783 x,
346 2718 489 2771 orationum
501 2716 581 2770 libros
593 2717 668 2784 llllll,
686 2716 974 2785 pseudotragoediarum
991 2717 1072 2770 libros
1084 2715 1126 2782 Vl,
1144 2718 1281 2771 satirarum

204 2803 284 2855 libros
302 2801 350 2855 llll.
