2780 4480
633 721 646 783 l

212 808 357 870 Carminis
372 807 516 886 incompti
531 806 614 868 lusus
629 807 742 868 lecture
758 825 908 884 proeaees,

254 892 436 954 couveniens
450 891 534 952 Latio
549 909 629 972 pone
644 891 845 970 supercilium.

213 997 275 1040 nou
290 993 377 1040 soror
391 978 449 1037 hoo
466 975 576 1037 habitat
591 975 713 1051 Phoebi,
729 997 790 1037 non
807 977 894 1039 Vesta
910 976 1026 1052 sacello,

255 1082 311 1126 neo
326 1081 402 1142 quae
417 1063 453 1122 de
468 1060 562 1142 patrio
577 1062 688 1123 vertice
703 1069 769 1122 nata
785 1061 838 1124 dea
854 1069 908 1138 est,

212 1149 264 1210 sed
279 1148 370 1209 ruber
385 1149 541 1208 hortorum
556 1155 666 1221 eustos,
682 1143 879 1210 membrosior
893 1165 999 1226 aequo,
1120 1155 1134 1206 t

254 1233 305 1312 qui
319 1241 431 1293 teotum
447 1231 536 1293 nullis
550 1231 680 1293 vestibus
694 1231 805 1311 inguen
822 1233 919 1294 habet.

211 1324 262 1379 aut
275 1317 366 1396 igitur
382 1316 512 1378 tunicam
527 1317 604 1396 parti
619 1317 779 1396 praetende
794 1318 947 1396 tegendae,

253 1411 304 1463 aut
318 1403 426 1481 quibus
440 1401 517 1464 hano
532 1401 627 1464 oeulis
641 1401 777 1481 adspicis
791 1401 846 1464 ista
861 1402 936 1481 lego.

213 1639 334 1702 Ludens
349 1641 423 1702 haee
438 1656 493 1717 ego
508 1647 583 1700 teste
598 1647 637 1714 te,
653 1639 768 1718 Priape,

212 1725 300 1786 horto
315 1723 447 1785 earmina
461 1723 558 1802 digna,
575 1743 636 1784 non
652 1723 762 1797 libello,

212 1809 317 1891 scripsi
334 1827 396 1870 uon
413 1807 536 1870 nimium
551 1808 707 1869 laboriose.

213 1913 270 1956 neo
284 1894 381 1956 Musas
396 1901 504 1968 umen,
520 1900 553 1954 ut
567 1893 665 1954 solent
679 1900 793 1973 poetae,

212 1979 249 2041 ad
264 1998 325 2040 uon
341 1978 505 2056 virgineum
522 1977 621 2039 locum
634 1978 743 2039 vooavi.

213 2083 282 2125 nam
296 2081 402 2126 sensus
417 2062 489 2123 mlhi
504 2077 617 2142 oorque
630 2061 771 2124 doluisset

213 2157 315 2224 castas,
330 2146 461 2210 Pieriam
477 2147 610 2223 olorum,
627 2165 744 2210 sorores

211 2253 283 2296 auso
299 2235 408 2294 ducere
423 2232 585 2294 mentulam
600 2235 636 2294 ad
651 2231 760 2310 Priapi.

212 2337 283 2398 ergo
300 2319 440 2398 quioquid
456 2316 555 2392 idest,
571 2317 650 2396 quod
666 2316 777 2377 otiosus

211 2404 313 2483 templi
328 2402 492 2483 parietibus
506 2401 549 2463 tui
564 2401 672 2476 notavi,

212 2489 243 2550 in
258 2497 373 2569 partem
386 2487 513 2567 accipias
528 2486 648 2562 honam,
664 2502 812 2564 rogamus.

622 2637 663 2699 lll

566 2725 717 2801 [orrum]

214 2827 348 2890 Obscure
363 2835 495 2906 poteram
511 2826 566 2888 tihi
581 2827 696 2889 dicere:
712 2825 758 2886 ‘da
772 2824 854 2899 mihi,
871 2825 950 2904 quod
965 2832 998 2886 tu

257 2913 309 2974 des
323 2913 392 2974 licet
406 2910 532 2990 assidue,
548 2912 590 2972 nil
604 2919 703 2972 tamen
720 2909 789 2970 inde
803 2908 889 2988 perit.

214 2999 249 3058 da
264 2997 345 3072 mihi,
363 2997 442 3077 quod
457 2995 559 3076 cupies
574 2996 683 3056 frustra
698 2995 769 3054 dare
783 2993 907 3054 forsitan
925 2991 1004 3066 olim,

256 3100 323 3144 oum
336 3088 420 3144 tenet
434 3079 568 3144 obsessas
583 3079 679 3140 invida
693 3077 784 3138 barba
800 3095 900 3156 genas,

215 3165 354 3246 quodque
368 3165 429 3227 lovi
444 3166 573 3239 dederat,
589 3164 640 3244 qui
655 3171 758 3244 raptus
772 3161 809 3224 ab
824 3163 891 3223 alite
907 3179 988 3226 soora
1121 3170 1136 3221 5

256 3252 360 3314 misoet
375 3250 498 3314 amatori
513 3251 619 3331 pocula
634 3259 716 3329 grata
732 3267 796 3324 suo,

214 3338 293 3415 quod
308 3335 392 3416 virgo
407 3335 503 3418 prima
518 3335 626 3416 cupido
641 3335 690 3396 dat
706 3343 795 3394 noete
810 3331 926 3406 marito,

257 3421 326 3482 dum
342 3421 426 3482 timet
441 3421 561 3484 alterius
575 3421 682 3482 vulnus
697 3419 798 3499 inepta
813 3415 889 3478 looi’.

214 3506 377 3586 simplicius
391 3506 485 3568 multo
501 3513 546 3570 est
559 3499 606 3568 '‘da
621 3503 768 3588 pedicare’
783 3502 887 3564 Latine

255 3591 368 3653 dicere:
386 3591 457 3670 quid
472 3587 600 3654 faciam?
615 3609 713 3652 crassa
728 3589 859 3650 llinerva
873 3605 937 3650 mea
953 3594 1005 3648 est.
1109 3591 1137 3645 10

192 3740 266 3805 θυαε
282 3757 338 3792 non
355 3741 491 3793 adiectum
508 3743 607 3793 dolent
622 3742 742 3792 auctoris
758 3753 863 3803 nomen,
879 3753 911 3788 oa
928 3740 957 3788 in
975 3734 1110 3786 podicibus
1118 3732 1181 3798 ptu-

107 3809 183 3859 rimis
201 3814 227 3860 ot
245 3812 351 3876 optimis
369 3810 505 3876 leguntur.
541 3807 575 3870 of.
593 3806 817 3860 massilitanus
833 3801 1137 3868 mammaeae.
1155 3805 1182 3851 et

106 3873 254 3928 Baelremt
269 3881 363 3943 poetar
380 3877 426 3931 lot.
444 3880 562 3929 minores
579 3878 596 3928 Ι
608 3892 635 3942 p.
648 3877 682 3928 54
698 3891 733 3926 se.
1202 3898 1206 3904 ·

191 3944 222 3997 lll
242 3944 334 3997 Ovidii
344 3962 400 3997 erro
412 3950 524 3999 testatur
535 3945 635 3999 Sanora
643 3947 725 4011 pater
736 3947 822 3995 contr.
833 3942 850 3992 1
858 3941 883 4008 2,
895 3939 929 3994 22
944 3941 948 4009 Ι
963 3945 980 3994 4
997 3942 1067 4005 teget
1080 3937 1181 3991 Aldina
