2780 4480
224 166 265 230 64
681 165 835 222 Purflouu

145 387 152 402 .
223 344 328 405 vimus.
358 361 426 405 nam
442 343 467 404 si
481 342 587 422 aliquis
602 360 637 402 ex
651 341 686 415 is,
703 340 799 420 quiin
816 339 920 403 eodem
935 340 1075 420 synoecio
1096 349 1217 420 potant,
1245 361 1312 404 no·
1332 349 1353 402 1.

224 447 292 490 men
314 437 417 510 poetae
439 426 587 500 olfecerit,
612 434 703 488 totam
725 425 886 488 concitabit
906 425 1041 488 viciniam
1062 433 1092 486 et
1115 445 1170 488 nos
1191 432 1310 490 omnes·

223 514 279 576 sub
294 514 395 576 cadem
411 531 496 575 causa
513 512 628 574 obruet.
659 512 801 574 miserere
816 519 845 574 et
860 518 910 572 aut
925 511 1148 591 pinacothecam
1168 521 1219 573 aut
1235 511 1308 574 bal-

225 617 316 662 neum
338 599 453 678 cogita'
487 597 530 660 sic
553 615 600 658 me
622 597 793 676 loquentem
816 597 980 676 obiurgavit
999 595 1103 672 Giton,
1124 597 1309 661 mitissimus

224 703 309 765 puer,
326 691 355 746 et
369 683 486 764 negavit
500 690 581 744 recte
596 683 703 754 lacere,
720 681 797 760 quod
817 681 928 745 seniori
948 681 1130 742 conviciarer
1150 682 1308 763 simulque
1326 694 1341 744 5

224 769 334 832 oblitus
348 769 437 830 officii
453 785 600 843 mensam,
617 785 705 846 quam
719 767 902 830 humanitate
916 767 1096 846 posuissem,
1119 769 1305 830 contumelia

224 855 368 927 tollerem,
384 854 535 932 multaque
550 852 603 915 alia
618 853 831 916 moderationis
842 852 1095 932 verecundiaeque
1107 851 1206 928 verbe,
1223 872 1305 933 qame

224 940 349 1003 sormam
364 939 427 1000 eius
443 939 561 1017 egregie
576 938 720 1000 decebant

750 1044 767 1083 e

307 1106 311 1188 Ι
332 1113 359 1170 ‘o
375 1108 500 1170 lelicem'
520 1108 617 1188 inquit
634 1113 766 1169 ‘matrem
787 1114 883 1182 tuam,
907 1125 982 1186 quae
1004 1115 1032 1168 te
1055 1108 1142 1168 talem
1165 1108 1303 1187 peperit:
1322 1115 1363 1166 Lo

223 1202 320 1255 macte
335 1194 442 1256 virtute
458 1202 531 1256 esto.
561 1211 656 1254 raram
671 1193 742 1254 fecit
761 1193 920 1254 mixturam
940 1210 1008 1253 cum
1029 1193 1172 1272 sapientia
1194 1194 1302 1256 torma.
1325 1205 1349 1255 tt

226 1278 325 1357 itaque
341 1298 379 1340 ne
395 1288 482 1359 putes
495 1288 524 1339 te
538 1287 583 1339 tot
597 1278 685 1339 verba
700 1277 872 1358 perdidisse,
887 1286 1047 1339 amatorem
1063 1277 1211 1340 invenisti.
1243 1297 1302 1359 ego

224 1363 325 1427 laudes
340 1373 405 1426 tuas
421 1364 601 1426 carminibus
616 1363 754 1443 implebo.
785 1381 840 1443 ego
855 1364 1043 1443 paedagogus
1058 1371 1088 1424 et
1099 1372 1198 1426 custos
1210 1364 1302 1432 etiam

226 1467 286 1528 quo
302 1469 363 1511 non
380 1449 511 1524 iusseris,
527 1467 642 1529 sequar.
673 1468 730 1511 nec
745 1448 884 1510 iniuriam
899 1448 1062 1528 Encolpius
1076 1448 1192 1528 accipit,
1207 1449 1300 1511 alium

225 1534 321 1596 amat!
350 1535 463 1614 profuit
477 1534 564 1598 etiam
579 1534 725 1614 Eumolpo
741 1533 825 1596 miles
844 1534 908 1608 ille,
931 1533 981 1612 qui
1003 1533 1074 1594 mibi
1096 1533 1216 1596 abstulit
1236 1535 1301 1614 gla-
1383 1541 1384 1594 l

225 1620 321 1695 dium;
345 1620 476 1700 alioquin
503 1639 591 1700 quem
617 1620 747 1682 animum
774 1620 913 1682 adversus
937 1619 1077 1698 Ascylton
1103 1638 1299 1699 sumpseram,
1320 1630 1347 1680 1⁵
1383 1637 1384 1712 y

224 1724 292 1768 eum
307 1706 337 1766 in
350 1705 487 1785 Eumolpi
503 1706 679 1785 sanguinem
695 1706 902 1768 exercuissem.
932 1723 988 1766 uec
999 1704 1168 1766 fefellithoc
1180 1704 1299 1768 Gitona.
1383 1723 1384 1766 l

225 1790 324 1869 itaque
340 1800 420 1852 extra
435 1790 538 1852 cellam
553 1791 713 1871 processit,
729 1799 868 1869 tanquam
891 1807 996 1868 aquam
1019 1798 1143 1868 peteret,
1165 1790 1300 1870 iramque
1383 1799 1384 1838 ³

224 1892 321 1936 meam
343 1875 483 1955 prudenti
505 1876 638 1938 absentia
658 1875 791 1936 extinxit.
826 1875 979 1953 paululum
1001 1893 1072 1953 ergo
1094 1875 1300 1955 intepescente

223 1959 341 2021 saevitia
365 1959 528 2040 ‘Eumolpe’
549 1961 670 2038 inquam
694 1960 761 2020 ‘iam
783 1960 859 2020 malo
881 1960 927 2020 vel
951 1959 1132 2023 carminibus
1158 1960 1300 2046 loquaris,

226 2062 314 2123 quam
339 2045 484 2106 eiusmodi
504 2044 557 2106 tibi
577 2054 643 2106 vota
664 2062 825 2123 proponas.
855 2053 885 2106 et
905 2062 960 2124 ego
981 2045 1142 2108 iracundus
1165 2065 1248 2123 sum,
1272 2056 1301 2108 et
1317 2057 1347 2108 20

224 2137 255 2190 tu
278 2129 468 2192 libidinosus:
490 2131 565 2204 vide,
592 2148 679 2208 quam
701 2141 763 2190 udn
792 2130 948 2192 conveniat
975 2130 1020 2192 his
1047 2130 1190 2194 moribus.
1227 2141 1300 2212 puta

225 2214 315 2294 igitur
329 2233 377 2277 me
391 2207 535 2278 furiosum
557 2233 638 2290 esse,
658 2215 728 2276 cede
744 2215 890 2290 insaniae,
912 2216 942 2278 id
963 2223 1007 2278 est
1028 2217 1110 2279 ocius
1130 2217 1210 2278 foras
1233 2217 1299 2280 exi’.

226 2303 230 2374 Ι
255 2302 396 2364 confusus
411 2301 466 2362 bae
481 2301 705 2364 denuntiatione
723 2301 887 2382 Eumolpus
908 2319 971 2363 non
988 2301 1112 2380 quaesiit
1126 2301 1299 2364 iracundiae
1318 2311 1339 2360 L

224 2404 357 2462 causam,
380 2387 432 2450 sed
453 2387 597 2450 continuo
618 2387 710 2448 limen
730 2405 866 2465 egressus
891 2387 1011 2450 adduxit
1038 2395 1162 2467 repente
1190 2389 1299 2452 ostium

224 2471 316 2533 cellae
331 2490 438 2551 meque
454 2472 527 2534 nihil
541 2473 598 2533 tale
619 2480 825 2551 expectantem
845 2472 981 2546 inclusit,
1002 2473 1168 2551 exemitque
1191 2475 1299 2554 raptim
1316 2484 1345 2534 25

227 2556 337 2617 clavem
354 2565 382 2617 et
398 2557 432 2616 ad
449 2557 555 2618 Gitona
570 2557 806 2636 investigandum
822 2557 963 2619 cucurrit.

309 2640 442 2702 inclusus
456 2659 511 2719 ego
528 2641 687 2720 suspendio
700 2642 786 2702 vitam
802 2642 889 2702 finire
905 2643 1054 2704 constitui.
1085 2652 1116 2704 ct
1129 2642 1185 2705 iam
1209 2645 1300 2706 semi·

225 2724 334 2785 cinctio
351 2725 415 2786 lecti
428 2726 533 2786 stantis
551 2725 587 2785 ad
610 2726 750 2804 parietem
774 2726 919 2806 spondam
937 2727 1087 2790 vinxeram
1109 2728 1300 2810 cervicesque

225 2808 305 2870 nodo
320 2809 493 2882 condebam,
510 2827 577 2871 cum
592 2811 730 2873 reseratis
745 2811 858 2874 loribus
875 2812 965 2874 intrat
980 2811 1144 2893 Eumolpus
1163 2832 1232 2874 oum
1248 2815 1299 2876 Gi·

224 2902 296 2955 tone
311 2912 417 2973 meque
434 2913 449 2955 a
465 2895 544 2956 latali
558 2895 613 2957 iam
629 2904 706 2958 meta
721 2905 839 2958 revocat
854 2898 889 2960 ad
900 2897 1006 2960 lucem.
1037 2897 1125 2960 Giton
1137 2900 1299 2981 praecipue
1316 2908 1345 2958 ab

224 2997 261 3041 ex
276 2979 377 3041 dolore
392 2980 423 3041 in
439 2980 550 3041 rabiem
566 2980 703 3044 efferatus
718 2981 794 3044 tollit
808 2983 982 3058 clamorem,
1002 3001 1049 3044 me
1067 2992 1191 3063 utraque
1206 3003 1300 3046 manu

224 3065 385 3146 impulsum
407 3065 581 3146 praecipitat
608 3085 698 3146 super
719 3068 843 3143 lectum,
867 3068 966 3131 ‘erras’
989 3069 1086 3148 inquit
1100 3068 1251 3149 ‘Encolpi,
1273 3071 1299 3133 si

224 3159 311 3231 putas
329 3154 503 3231 contingere
525 3170 629 3231 posse,
651 3161 685 3214 ut
707 3163 776 3214 ante
796 3172 844 3216 me
862 3154 1006 3214 moriaris.
1042 3153 1126 3234 prior
1141 3155 1243 3235 coepi;
1265 3155 1298 3216 in
1380 3163 1381 3188 ²

224 3236 334 3316 Ascylti
349 3236 477 3316 bospitio
492 3237 621 3316 gladium
636 3239 775 3316 quaesivi.
805 3256 860 3317 ego
871 3239 896 3300 si
908 3247 937 3300 te
950 3258 1011 3300 nou
1024 3239 1212 3315 invenissem,
1228 3259 1299 3320 per·

224 3319 320 3382 iturus
335 3339 389 3400 per
404 3322 576 3403 praecipitia
591 3321 645 3383 lui.
676 3331 705 3384 et
718 3332 752 3384 ut
772 3323 847 3385 scias
869 3343 930 3386 non
951 3323 1040 3402 longe
1059 3343 1126 3386 esse
1149 3343 1299 3404 quaereu-
1316 3334 1344 3384 aa

224 3403 305 3466 tibus
319 3413 454 3482 mortem,
470 3416 569 3486 specta
585 3407 721 3482 invicem,
737 3408 816 3487 quod
838 3427 884 3471 me
905 3417 1038 3490 spectare
1058 3410 1193 3472 voluisti'.
1224 3411 1299 3473 baec

224 3489 342 3552 locutus
356 3493 564 3554 mercennario
580 3492 718 3573 Eumolpi
733 3494 906 3556 novaculam
921 3495 998 3576 rapit
1012 3504 1041 3558 et
1060 3494 1151 3558 semel
1172 3496 1299 3557 iterum·

224 3594 283 3655 que
297 3576 412 3638 cervice
427 3596 567 3658 percussa
582 3585 651 3642 ante
665 3580 756 3658 pedes
771 3579 928 3643 collabitur
939 3589 1066 3642 nostros.
1097 3581 1227 3644 exclamo
1240 3600 1298 3662 ego
1379 3605 1380 3652 y

310 3799 322 3848 1
343 3803 453 3863 expecto
477 3803 502 3850 te
525 3797 654 3864 olfecerit,
677 3801 806 3851 momento
828 3802 908 3850 totam
931 3795 940 3864 ΙΙ
961 3800 976 3848 3
995 3795 1084 3848 eodem
1103 3813 1164 3852 casu
1182 3799 1300 3865 Segeda-

224 3864 286 3914 du'au
308 3861 316 3930 Η
339 3867 354 3915 9
370 3869 552 3945 prepositum
568 3865 708 3933 Eumolpus
726 3865 758 3917 ad
774 3865 892 3918 Gitonem
908 3863 917 3933 ΙΙ
942 3868 972 3917 tt
990 3878 1048 3916 eum
1066 3882 1116 3920 ona.
1134 3868 1198 3920 libri
1211 3867 1300 3934 pleri·

224 3946 276 3998 que
292 3929 302 3999 ll
320 3933 352 3983 30
371 3935 471 3985 tramite
489 3934 600 3984 Iahnius
617 3933 626 4001 ll
643 3938 673 3987 31
693 3932 808 3995 sortasse
825 3933 936 3998 dumque
952 3945 994 3984 me
