<?xml version="1.0" encoding="UTF-8"?>
<!DOCTYPE html PUBLIC "-//W3C//DTD XHTML 1.0 Transitional//EN"
    "http://www.w3.org/TR/xhtml1/DTD/xhtml1-transitional.dtd">
<html xmlns="http://www.w3.org/1999/xhtml" xml:lang="en" lang="en">
 <head>
  <title>
</title>
<meta http-equiv="Content-Type" content="text/html;charset=utf-8" />
  <meta name='ocr-system' content='tesseract 3.04.00' />
  <meta name='ocr-capabilities' content='ocr_page ocr_carea ocr_par ocr_line ocrx_word'/>
</head>
<body>
  <div class='ocr_page' id='page_1' title='image "./satiraeetliberp00arbigoog_0154.png"; bbox 0 0 2780 4480; ppageno 0'>
   <div class='ocr_carea' id='block_1_1' title="bbox 564 179 705 236">
    <p class='ocr_par' dir='ltr' id='par_1_1' title="bbox 564 179 705 236">
     <span class='ocr_line' id='line_1_1' title="bbox 564 179 705 236; baseline 0.028 -4"><span class='ocrx_word' id='word_1_1' title='bbox 564 179 705 236; x_wconf 74' lang='lat' dir='ltr'>Paterna</span> 
     </span>
    </p>
   </div>
   <div class='ocr_carea' id='block_1_2' title="bbox 542 353 714 418">
    <p class='ocr_par' dir='ltr' id='par_1_2' title="bbox 542 353 714 418">
     <span class='ocr_line' id='line_1_2' title="bbox 542 353 714 418; baseline 0.006 -2"><span class='ocrx_word' id='word_1_2' title='bbox 542 353 714 418; x_wconf 83' lang='lat' dir='ltr'>xxxxvul</span> 
     </span>
    </p>
   </div>
   <div class='ocr_carea' id='block_1_3' title="bbox 196 453 845 878">
    <p class='ocr_par' dir='ltr' id='par_1_3' title="bbox 196 453 776 621">
     <span class='ocr_line' id='line_1_3' title="bbox 197 453 776 534; baseline 0.005 -18"><span class='ocrx_word' id='word_1_3' title='bbox 197 453 284 525; x_wconf 85' lang='lat' dir='ltr'>Quod</span> <span class='ocrx_word' id='word_1_4' title='bbox 301 463 415 534; x_wconf 84' lang='lat' dir='ltr'>partem</span> <span class='ocrx_word' id='word_1_5' title='bbox 432 453 575 517; x_wconf 82' lang='lat' dir='ltr'><strong>madidam</strong></span> <span class='ocrx_word' id='word_1_6' title='bbox 591 457 649 518; x_wconf 94' lang='lat' dir='ltr'>mei</span> <span class='ocrx_word' id='word_1_7' title='bbox 664 458 776 532; x_wconf 88' lang='lat' dir='ltr'>videtis,</span> 
     </span>
     <span class='ocr_line' id='line_1_4' title="bbox 196 541 753 621; baseline 0.007 -21"><span class='ocrx_word' id='word_1_8' title='bbox 196 558 254 619; x_wconf 93' lang='lat' dir='ltr'>per</span> <span class='ocrx_word' id='word_1_9' title='bbox 269 558 357 619; x_wconf 94' lang='lat' dir='ltr'>quam</span> <span class='ocrx_word' id='word_1_10' title='bbox 374 541 526 618; x_wconf 83' lang='lat' dir='ltr'>significor</span> <span class='ocrx_word' id='word_1_11' title='bbox 540 541 664 621; x_wconf 81' lang='lat' dir='ltr'>Priapus</span> <span class='ocrx_word' id='word_1_12' title='bbox 679 561 753 618; x_wconf 87' lang='lat' dir='ltr'>esse,</span> 
     </span>
    </p>

    <p class='ocr_par' dir='ltr' id='par_1_4' title="bbox 197 625 800 790">
     <span class='ocr_line' id='line_1_5' title="bbox 198 625 800 707; baseline 0.007 -22"><span class='ocrx_word' id='word_1_13' title='bbox 198 644 261 686; x_wconf 86' lang='lat' dir='ltr'>non</span> <span class='ocrx_word' id='word_1_14' title='bbox 278 643 328 686; x_wconf 91' lang='lat' dir='ltr'>ros</span> <span class='ocrx_word' id='word_1_15' title='bbox 343 634 396 698; x_wconf 90' lang='lat' dir='ltr'>est,</span> <span class='ocrx_word' id='word_1_16' title='bbox 412 625 596 698; x_wconf 87' lang='lat' dir='ltr'>mihicrede,</span> <span class='ocrx_word' id='word_1_17' title='bbox 612 645 668 689; x_wconf 89' lang='lat' dir='ltr'>nec</span> <span class='ocrx_word' id='word_1_18' title='bbox 683 629 800 707; x_wconf 87' lang='lat' dir='ltr'>pruina,</span> 
     </span>
     <span class='ocr_line' id='line_1_6' title="bbox 197 710 760 790; baseline 0.007 -20"><span class='ocrx_word' id='word_1_19' title='bbox 197 711 249 771; x_wconf 89' lang='lat' dir='ltr'>sed</span> <span class='ocrx_word' id='word_1_20' title='bbox 265 710 346 790; x_wconf 89' lang='lat' dir='ltr'>quod</span> <span class='ocrx_word' id='word_1_21' title='bbox 361 718 468 790; x_wconf 84' lang='lat' dir='ltr'>sponte</span> <span class='ocrx_word' id='word_1_22' title='bbox 483 727 535 772; x_wconf 92' lang='lat' dir='ltr'>sua</span> <span class='ocrx_word' id='word_1_23' title='bbox 549 712 626 772; x_wconf 85' lang='lat' dir='ltr'>solet</span> <span class='ocrx_word' id='word_1_24' title='bbox 641 713 760 787; x_wconf 78' lang='lat' dir='ltr'>remitti,</span> 
     </span>
    </p>

    <p class='ocr_par' dir='ltr' id='par_1_5' title="bbox 198 795 845 878">
     <span class='ocr_line' id='line_1_7' title="bbox 198 795 845 878; baseline 0.005 -21"><span class='ocrx_word' id='word_1_25' title='bbox 198 813 266 857; x_wconf 85' lang='lat' dir='ltr'>cum</span> <span class='ocrx_word' id='word_1_26' title='bbox 282 814 368 857; x_wconf 88' lang='lat' dir='ltr'>mens</span> <span class='ocrx_word' id='word_1_27' title='bbox 383 806 428 856; x_wconf 89' lang='lat' dir='ltr'>est</span> <span class='ocrx_word' id='word_1_28' title='bbox 442 795 576 874; x_wconf 88' lang='lat' dir='ltr'>pathicae</span> <span class='ocrx_word' id='word_1_29' title='bbox 591 813 706 858; x_wconf 87' lang='lat' dir='ltr'>memor</span> <span class='ocrx_word' id='word_1_30' title='bbox 719 799 845 878; x_wconf 87' lang='lat' dir='ltr'>puellae.</span> 
     </span>
    </p>
   </div>
   <div class='ocr_carea' id='block_1_4' title="bbox 534 947 719 1011">
    <p class='ocr_par' dir='ltr' id='par_1_6' title="bbox 534 947 719 1011">
     <span class='ocr_line' id='line_1_8' title="bbox 534 947 719 1011; baseline 0.005 -2"><span class='ocrx_word' id='word_1_31' title='bbox 534 947 719 1011; x_wconf 83' lang='lat' dir='ltr'>xxxxvtul</span> 
     </span>
    </p>
   </div>
   <div class='ocr_carea' id='block_1_5' title="bbox 195 1049 884 1386">
    <p class='ocr_par' dir='ltr' id='par_1_7' title="bbox 197 1049 882 1217">
     <span class='ocr_line' id='line_1_9' title="bbox 197 1049 882 1129; baseline 0.001 -17"><span class='ocrx_word' id='word_1_32' title='bbox 197 1051 253 1123; x_wconf 83' lang='lat' dir='ltr'>Tu,</span> <span class='ocrx_word' id='word_1_33' title='bbox 270 1050 440 1129; x_wconf 82' lang='lat' dir='ltr'>quicunque</span> <span class='ocrx_word' id='word_1_34' title='bbox 455 1049 535 1112; x_wconf 87' lang='lat' dir='ltr'>vides</span> <span class='ocrx_word' id='word_1_35' title='bbox 549 1051 627 1112; x_wconf 86' lang='lat' dir='ltr'>circa</span> <span class='ocrx_word' id='word_1_36' title='bbox 642 1051 765 1112; x_wconf 88' lang='lat' dir='ltr'>tectoria</span> <span class='ocrx_word' id='word_1_37' title='bbox 781 1060 882 1113; x_wconf 90' lang='lat' dir='ltr'>nostra</span> 
     </span>
     <span class='ocr_line' id='line_1_10' title="bbox 245 1134 863 1217; baseline 0.002 -20"><span class='ocrx_word' id='word_1_38' title='bbox 245 1154 306 1197; x_wconf 87' lang='lat' dir='ltr'>non</span> <span class='ocrx_word' id='word_1_39' title='bbox 323 1134 447 1194; x_wconf 92' lang='lat' dir='ltr'>nimium</span> <span class='ocrx_word' id='word_1_40' title='bbox 462 1135 534 1196; x_wconf 89' lang='lat' dir='ltr'>casti</span> <span class='ocrx_word' id='word_1_41' title='bbox 549 1137 679 1198; x_wconf 87' lang='lat' dir='ltr'>carmina</span> <span class='ocrx_word' id='word_1_42' title='bbox 693 1136 781 1217; x_wconf 87' lang='lat' dir='ltr'>plana</span> <span class='ocrx_word' id='word_1_43' title='bbox 795 1137 863 1212; x_wconf 88' lang='lat' dir='ltr'>ioci,</span> 
     </span>
    </p>

    <p class='ocr_par' dir='ltr' id='par_1_8' title="bbox 195 1218 884 1386">
     <span class='ocr_line' id='line_1_11' title="bbox 195 1218 884 1285; baseline 0.009 -6"><span class='ocrx_word' id='word_1_44' title='bbox 195 1220 331 1281; x_wconf 90' lang='lat' dir='ltr'>versibus</span> <span class='ocrx_word' id='word_1_45' title='bbox 347 1218 485 1281; x_wconf 78' lang='lat' dir='ltr'>obscenis</span> <span class='ocrx_word' id='word_1_46' title='bbox 501 1220 611 1281; x_wconf 81' lang='lat' dir='ltr'>offendi</span> <span class='ocrx_word' id='word_1_47' title='bbox 626 1220 744 1283; x_wconf 87' lang='lat' dir='ltr'>desine:</span> <span class='ocrx_word' id='word_1_48' title='bbox 762 1241 823 1283; x_wconf 90' lang='lat' dir='ltr'>non</span> <span class='ocrx_word' id='word_1_49' title='bbox 839 1230 884 1285; x_wconf 88' lang='lat' dir='ltr'>est</span> 
     </span>
     <span class='ocr_line' id='line_1_12' title="bbox 245 1304 818 1386; baseline 0.005 -22"><span class='ocrx_word' id='word_1_50' title='bbox 245 1304 375 1366; x_wconf 87' lang='lat' dir='ltr'>mentula</span> <span class='ocrx_word' id='word_1_51' title='bbox 390 1304 527 1366; x_wconf 89' lang='lat' dir='ltr'>subducti</span> <span class='ocrx_word' id='word_1_52' title='bbox 544 1315 644 1368; x_wconf 87' lang='lat' dir='ltr'>nostra</span> <span class='ocrx_word' id='word_1_53' title='bbox 659 1307 818 1386; x_wconf 86' lang='lat' dir='ltr'>supercilii.</span> 
     </span>
    </p>
   </div>
   <div class='ocr_carea' id='block_1_6' title="bbox 615 1457 639 1520">
    <p class='ocr_par' dir='ltr' id='par_1_9' title="bbox 615 1457 639 1520">
     <span class='ocr_line' id='line_1_13' title="bbox 615 1457 639 1520; baseline 0 0"><span class='ocrx_word' id='word_1_54' title='bbox 615 1457 639 1520; x_wconf 81' lang='lat' dir='ltr'>b</span> 
     </span>
    </p>
   </div>
   <div class='ocr_carea' id='block_1_7' title="bbox 195 1558 788 2149">
    <p class='ocr_par' dir='ltr' id='par_1_10' title="bbox 196 1558 788 1723">
     <span class='ocr_line' id='line_1_14' title="bbox 196 1558 788 1639; baseline 0.003 -19"><span class='ocrx_word' id='word_1_55' title='bbox 196 1559 355 1634; x_wconf 84' lang='lat' dir='ltr'>Quaedam,</span> <span class='ocrx_word' id='word_1_56' title='bbox 372 1559 396 1620; x_wconf 93' lang='lat' dir='ltr'>si</span> <span class='ocrx_word' id='word_1_57' title='bbox 410 1558 507 1637; x_wconf 88' lang='lat' dir='ltr'>placet</span> <span class='ocrx_word' id='word_1_58' title='bbox 521 1559 579 1620; x_wconf 90' lang='lat' dir='ltr'>hoc</span> <span class='ocrx_word' id='word_1_59' title='bbox 594 1558 656 1634; x_wconf 86' lang='lat' dir='ltr'>tibi,</span> <span class='ocrx_word' id='word_1_60' title='bbox 673 1559 788 1639; x_wconf 86' lang='lat' dir='ltr'>Priape,</span> 
     </span>
     <span class='ocr_line' id='line_1_15' title="bbox 196 1642 644 1723; baseline -0.004 -17"><span class='ocrx_word' id='word_1_61' title='bbox 196 1644 379 1706; x_wconf 79' lang='lat' dir='ltr'>fucosissima</span> <span class='ocrx_word' id='word_1_62' title='bbox 394 1661 442 1704; x_wconf 89' lang='lat' dir='ltr'>me</span> <span class='ocrx_word' id='word_1_63' title='bbox 456 1644 554 1723; x_wconf 93' lang='lat' dir='ltr'>puella</span> <span class='ocrx_word' id='word_1_64' title='bbox 569 1642 644 1705; x_wconf 90' lang='lat' dir='ltr'>ludit</span> 
     </span>
    </p>

    <p class='ocr_par' dir='ltr' id='par_1_11' title="bbox 195 1728 781 2149">
     <span class='ocr_line' id='line_1_16' title="bbox 196 1728 781 1808; baseline -0.002 -17"><span class='ocrx_word' id='word_1_65' title='bbox 196 1738 226 1791; x_wconf 90' lang='lat' dir='ltr'>et</span> <span class='ocrx_word' id='word_1_66' title='bbox 241 1747 297 1790; x_wconf 85' lang='lat' dir='ltr'>nee</span> <span class='ocrx_word' id='word_1_67' title='bbox 312 1729 361 1790; x_wconf 89' lang='lat' dir='ltr'>dat</span> <span class='ocrx_word' id='word_1_68' title='bbox 376 1728 447 1788; x_wconf 88' lang='lat' dir='ltr'>mihi</span> <span class='ocrx_word' id='word_1_69' title='bbox 463 1747 519 1790; x_wconf 90' lang='lat' dir='ltr'>nec</span> <span class='ocrx_word' id='word_1_70' title='bbox 534 1737 623 1808; x_wconf 88' lang='lat' dir='ltr'>negat</span> <span class='ocrx_word' id='word_1_71' title='bbox 637 1729 781 1804; x_wconf 87' lang='lat' dir='ltr'>daturam,</span> 
     </span>
     <span class='ocr_line' id='line_1_17' title="bbox 195 1813 710 1892; baseline -0.004 -16"><span class='ocrx_word' id='word_1_72' title='bbox 195 1832 297 1876; x_wconf 84' lang='lat' dir='ltr'>causas</span> <span class='ocrx_word' id='word_1_73' title='bbox 310 1813 424 1875; x_wconf 86' lang='lat' dir='ltr'>invenit</span> <span class='ocrx_word' id='word_1_74' title='bbox 437 1831 532 1892; x_wconf 91' lang='lat' dir='ltr'>usque</span> <span class='ocrx_word' id='word_1_75' title='bbox 546 1814 710 1876; x_wconf 86' lang='lat' dir='ltr'>dilierendi.</span> 
     </span>
     <span class='ocr_line' id='line_1_18' title="bbox 195 1898 731 1979; baseline 0.004 -20"><span class='ocrx_word' id='word_1_76' title='bbox 195 1899 309 1979; x_wconf 91' lang='lat' dir='ltr'>quaesi</span> <span class='ocrx_word' id='word_1_77' title='bbox 325 1899 482 1976; x_wconf 86' lang='lat' dir='ltr'>contigerit</span> <span class='ocrx_word' id='word_1_78' title='bbox 495 1899 619 1960; x_wconf 90' lang='lat' dir='ltr'>lruenda</span> <span class='ocrx_word' id='word_1_79' title='bbox 635 1898 731 1975; x_wconf 87' lang='lat' dir='ltr'>nobis,</span> 
     </span>
     <span class='ocr_line' id='line_1_19' title="bbox 197 1983 756 2064; baseline 0 -18"><span class='ocrx_word' id='word_1_80' title='bbox 197 1993 285 2046; x_wconf 87' lang='lat' dir='ltr'>tutam</span> <span class='ocrx_word' id='word_1_81' title='bbox 301 1983 499 2063; x_wconf 87' lang='lat' dir='ltr'>comparibus,</span> <span class='ocrx_word' id='word_1_82' title='bbox 514 1984 630 2064; x_wconf 81' lang='lat' dir='ltr'>Priape,</span> <span class='ocrx_word' id='word_1_83' title='bbox 646 1984 756 2046; x_wconf 85' lang='lat' dir='ltr'>nastris</span> 
     </span>
     <span class='ocr_line' id='line_1_20' title="bbox 195 2068 739 2149; baseline -0.004 -19"><span class='ocrx_word' id='word_1_84' title='bbox 195 2069 348 2149; x_wconf 85' lang='lat' dir='ltr'>cingemus</span> <span class='ocrx_word' id='word_1_85' title='bbox 363 2068 416 2130; x_wconf 92' lang='lat' dir='ltr'>tibi</span> <span class='ocrx_word' id='word_1_86' title='bbox 431 2068 593 2130; x_wconf 88' lang='lat' dir='ltr'>mentulam</span> <span class='ocrx_word' id='word_1_87' title='bbox 609 2070 739 2132; x_wconf 77' lang='lat' dir='ltr'>curonis.</span> 
     </span>
    </p>
   </div>
   <div class='ocr_carea' id='block_1_8' title="bbox 609 2220 646 2284">
    <p class='ocr_par' dir='ltr' id='par_1_12' title="bbox 609 2220 646 2284">
     <span class='ocr_line' id='line_1_21' title="bbox 609 2220 646 2284; baseline -0.027 0"><span class='ocrx_word' id='word_1_88' title='bbox 609 2220 646 2284; x_wconf 90' lang='lat' dir='ltr'>LI</span> 
     </span>
    </p>
   </div>
   <div class='ocr_carea' id='block_1_9' title="bbox 189 2322 1112 3678">
    <p class='ocr_par' dir='ltr' id='par_1_13' title="bbox 193 2322 879 2828">
     <span class='ocr_line' id='line_1_22' title="bbox 194 2322 879 2402; baseline 0 -18"><span class='ocrx_word' id='word_1_89' title='bbox 194 2323 271 2394; x_wconf 80' lang='lat' dir='ltr'>Ouid</span> <span class='ocrx_word' id='word_1_90' title='bbox 287 2324 344 2384; x_wconf 88' lang='lat' dir='ltr'>hcc</span> <span class='ocrx_word' id='word_1_91' title='bbox 361 2323 461 2402; x_wconf 84' lang='lat' dir='ltr'>negoti</span> <span class='ocrx_word' id='word_1_92' title='bbox 477 2331 521 2384; x_wconf 85' lang='lat' dir='ltr'>est</span> <span class='ocrx_word' id='word_1_93' title='bbox 536 2340 629 2401; x_wconf 85' lang='lat' dir='ltr'>quave</span> <span class='ocrx_word' id='word_1_94' title='bbox 644 2322 778 2400; x_wconf 89' lang='lat' dir='ltr'>suspicer</span> <span class='ocrx_word' id='word_1_95' title='bbox 793 2340 879 2384; x_wconf 88' lang='lat' dir='ltr'>causa</span> 
     </span>
     <span class='ocr_line' id='line_1_23' title="bbox 194 2406 854 2487; baseline 0 -18"><span class='ocrx_word' id='word_1_96' title='bbox 194 2409 294 2469; x_wconf 88' lang='lat' dir='ltr'>venire</span> <span class='ocrx_word' id='word_1_97' title='bbox 310 2408 340 2468; x_wconf 94' lang='lat' dir='ltr'>in</span> <span class='ocrx_word' id='word_1_98' title='bbox 355 2408 475 2468; x_wconf 88' lang='lat' dir='ltr'>hortum</span> <span class='ocrx_word' id='word_1_99' title='bbox 490 2406 635 2487; x_wconf 88' lang='lat' dir='ltr'>plurimes</span> <span class='ocrx_word' id='word_1_100' title='bbox 649 2425 748 2467; x_wconf 90' lang='lat' dir='ltr'>meum</span> <span class='ocrx_word' id='word_1_101' title='bbox 763 2406 854 2482; x_wconf 80' lang='lat' dir='ltr'>furca,</span> 
     </span>
     <span class='ocr_line' id='line_1_24' title="bbox 194 2491 861 2572; baseline 0 -18"><span class='ocrx_word' id='word_1_102' title='bbox 194 2511 261 2554; x_wconf 91' lang='lat' dir='ltr'>cum</span> <span class='ocrx_word' id='word_1_103' title='bbox 278 2493 411 2572; x_wconf 91' lang='lat' dir='ltr'>quisquis</span> <span class='ocrx_word' id='word_1_104' title='bbox 427 2492 457 2552; x_wconf 95' lang='lat' dir='ltr'>in</span> <span class='ocrx_word' id='word_1_105' title='bbox 474 2511 529 2554; x_wconf 86' lang='lat' dir='ltr'>nes</span> <span class='ocrx_word' id='word_1_106' title='bbox 544 2491 657 2567; x_wconf 87' lang='lat' dir='ltr'>incidit,</span> <span class='ocrx_word' id='word_1_107' title='bbox 672 2491 735 2553; x_wconf 89' lang='lat' dir='ltr'>luat</span> <span class='ocrx_word' id='word_1_108' title='bbox 748 2511 861 2572; x_wconf 90' lang='lat' dir='ltr'>poenas</span> 
     </span>
     <span class='ocr_line' id='line_1_25' title="bbox 194 2575 827 2657; baseline -0.003 -17"><span class='ocrx_word' id='word_1_109' title='bbox 194 2588 223 2640; x_wconf 88' lang='lat' dir='ltr'>et</span> <span class='ocrx_word' id='word_1_110' title='bbox 237 2596 331 2657; x_wconf 87' lang='lat' dir='ltr'>usque</span> <span class='ocrx_word' id='word_1_111' title='bbox 347 2596 452 2639; x_wconf 84' lang='lat' dir='ltr'>curvos</span> <span class='ocrx_word' id='word_1_112' title='bbox 468 2585 624 2640; x_wconf 85' lang='lat' dir='ltr'>excavetur</span> <span class='ocrx_word' id='word_1_113' title='bbox 638 2578 673 2638; x_wconf 92' lang='lat' dir='ltr'>ad</span> <span class='ocrx_word' id='word_1_114' title='bbox 689 2575 827 2640; x_wconf 86' lang='lat' dir='ltr'>lumbos?</span> 
     </span>
     <span class='ocr_line' id='line_1_26' title="bbox 194 2663 798 2742; baseline 0 -18"><span class='ocrx_word' id='word_1_115' title='bbox 194 2682 253 2724; x_wconf 88' lang='lat' dir='ltr'>non</span> <span class='ocrx_word' id='word_1_116' title='bbox 270 2664 343 2724; x_wconf 87' lang='lat' dir='ltr'>ficus</span> <span class='ocrx_word' id='word_1_117' title='bbox 358 2663 405 2723; x_wconf 92' lang='lat' dir='ltr'>hic</span> <span class='ocrx_word' id='word_1_118' title='bbox 420 2670 465 2724; x_wconf 90' lang='lat' dir='ltr'>est</span> <span class='ocrx_word' id='word_1_119' title='bbox 479 2663 671 2742; x_wconf 78' lang='lat' dir='ltr'>praeferenda</span> <span class='ocrx_word' id='word_1_120' title='bbox 686 2663 798 2724; x_wconf 90' lang='lat' dir='ltr'>vicinae</span> 
     </span>
     <span class='ocr_line' id='line_1_27' title="bbox 193 2747 734 2828; baseline -0.002 -19"><span class='ocrx_word' id='word_1_121' title='bbox 193 2765 332 2827; x_wconf 83' lang='lat' dir='ltr'>uvasque,</span> <span class='ocrx_word' id='word_1_122' title='bbox 349 2747 450 2826; x_wconf 90' lang='lat' dir='ltr'>quales</span> <span class='ocrx_word' id='word_1_123' title='bbox 465 2748 537 2808; x_wconf 85' lang='lat' dir='ltr'>llava</span> <span class='ocrx_word' id='word_1_124' title='bbox 551 2747 622 2828; x_wconf 90' lang='lat' dir='ltr'>legit</span> <span class='ocrx_word' id='word_1_125' title='bbox 636 2747 734 2824; x_wconf 82' lang='lat' dir='ltr'>Arete,</span> 
     </span>
    </p>

    <p class='ocr_par' dir='ltr' id='par_1_14' title="bbox 190 2832 886 3423">
     <span class='ocr_line' id='line_1_28' title="bbox 194 2832 785 2894; baseline -0.002 0"><span class='ocrx_word' id='word_1_126' title='bbox 194 2851 254 2894; x_wconf 92' lang='lat' dir='ltr'>non</span> <span class='ocrx_word' id='word_1_127' title='bbox 271 2833 345 2893; x_wconf 92' lang='lat' dir='ltr'>mala</span> <span class='ocrx_word' id='word_1_128' title='bbox 360 2832 475 2894; x_wconf 89' lang='lat' dir='ltr'>truncis</span> <span class='ocrx_word' id='word_1_129' title='bbox 490 2832 652 2894; x_wconf 88' lang='lat' dir='ltr'>adserenda</span> <span class='ocrx_word' id='word_1_130' title='bbox 667 2833 785 2894; x_wconf 89' lang='lat' dir='ltr'>Picenis</span> 
     </span>
     <span class='ocr_line' id='line_1_29' title="bbox 191 2917 800 2998; baseline 0.002 -20"><span class='ocrx_word' id='word_1_131' title='bbox 191 2918 333 2997; x_wconf 86' lang='lat' dir='ltr'>pirumve‚</span> <span class='ocrx_word' id='word_1_132' title='bbox 349 2925 431 2978; x_wconf 87' lang='lat' dir='ltr'>tanto</span> <span class='ocrx_word' id='word_1_133' title='bbox 447 2917 526 2996; x_wconf 86' lang='lat' dir='ltr'>quod</span> <span class='ocrx_word' id='word_1_134' title='bbox 543 2917 676 2998; x_wconf 91' lang='lat' dir='ltr'>periculo</span> <span class='ocrx_word' id='word_1_135' title='bbox 692 2925 800 2997; x_wconf 89' lang='lat' dir='ltr'>captes,</span> 
     </span>
     <span class='ocr_line' id='line_1_30' title="bbox 191 3003 787 3081; baseline -0.002 -19"><span class='ocrx_word' id='word_1_136' title='bbox 191 3003 341 3081; x_wconf 84' lang='lat' dir='ltr'>magisque</span> <span class='ocrx_word' id='word_1_137' title='bbox 356 3021 423 3063; x_wconf 87' lang='lat' dir='ltr'>cera</span> <span class='ocrx_word' id='word_1_138' title='bbox 437 3003 550 3064; x_wconf 87' lang='lat' dir='ltr'>luteum</span> <span class='ocrx_word' id='word_1_139' title='bbox 565 3020 641 3063; x_wconf 88' lang='lat' dir='ltr'>nova</span> <span class='ocrx_word' id='word_1_140' title='bbox 655 3019 787 3081; x_wconf 90' lang='lat' dir='ltr'>prunum</span> 
     </span>
     <span class='ocr_line' id='line_1_31' title="bbox 192 3085 835 3150; baseline -0.008 -1"><span class='ocrx_word' id='word_1_141' title='bbox 192 3088 348 3150; x_wconf 86' lang='lat' dir='ltr'>sorbumve</span> <span class='ocrx_word' id='word_1_142' title='bbox 362 3096 482 3148; x_wconf 82' lang='lat' dir='ltr'>ventres</span> <span class='ocrx_word' id='word_1_143' title='bbox 496 3085 628 3148; x_wconf 87' lang='lat' dir='ltr'>lubricos</span> <span class='ocrx_word' id='word_1_144' title='bbox 642 3094 835 3147; x_wconf 89' lang='lat' dir='ltr'>moraturum.</span> 
     </span>
     <span class='ocr_line' id='line_1_32' title="bbox 191 3169 826 3252; baseline -0.003 -20"><span class='ocrx_word' id='word_1_145' title='bbox 191 3173 347 3252; x_wconf 84' lang='lat' dir='ltr'>praesigne</span> <span class='ocrx_word' id='word_1_146' title='bbox 362 3169 436 3234; x_wconf 89' lang='lat' dir='ltr'>rami</span> <span class='ocrx_word' id='word_1_147' title='bbox 452 3191 508 3234; x_wconf 94' lang='lat' dir='ltr'>nec</span> <span class='ocrx_word' id='word_1_148' title='bbox 525 3171 581 3234; x_wconf 91' lang='lat' dir='ltr'>mei</span> <span class='ocrx_word' id='word_1_149' title='bbox 596 3172 696 3232; x_wconf 86' lang='lat' dir='ltr'>lerunt</span> <span class='ocrx_word' id='word_1_150' title='bbox 711 3189 826 3232; x_wconf 89' lang='lat' dir='ltr'>morum</span> 
     </span>
     <span class='ocr_line' id='line_1_33' title="bbox 191 3255 886 3336; baseline -0.003 -18"><span class='ocrx_word' id='word_1_151' title='bbox 191 3276 334 3319; x_wconf 87' lang='lat' dir='ltr'>nucemve</span> <span class='ocrx_word' id='word_1_152' title='bbox 349 3258 478 3336; x_wconf 86' lang='lat' dir='ltr'>longam,</span> <span class='ocrx_word' id='word_1_153' title='bbox 495 3276 583 3336; x_wconf 92' lang='lat' dir='ltr'>quam</span> <span class='ocrx_word' id='word_1_154' title='bbox 597 3263 703 3319; x_wconf 88' lang='lat' dir='ltr'>vocant</span> <span class='ocrx_word' id='word_1_155' title='bbox 717 3255 886 3331; x_wconf 86' lang='lat' dir='ltr'>abellanam,</span> 
     </span>
     <span class='ocr_line' id='line_1_34' title="bbox 190 3343 802 3423; baseline -0.003 -20"><span class='ocrx_word' id='word_1_156' title='bbox 190 3343 409 3423; x_wconf 82' lang='lat' dir='ltr'>amygdalumve</span> <span class='ocrx_word' id='word_1_157' title='bbox 423 3343 496 3402; x_wconf 84' lang='lat' dir='ltr'>llere</span> <span class='ocrx_word' id='word_1_158' title='bbox 511 3361 662 3423; x_wconf 90' lang='lat' dir='ltr'>purpurae</span> <span class='ocrx_word' id='word_1_159' title='bbox 676 3343 802 3422; x_wconf 83' lang='lat' dir='ltr'>fulgens.</span> 
     </span>
    </p>

    <p class='ocr_par' dir='ltr' id='par_1_15' title="bbox 189 3427 1112 3678">
     <span class='ocr_line' id='line_1_35' title="bbox 189 3427 798 3508; baseline -0.002 -20"><span class='ocrx_word' id='word_1_160' title='bbox 189 3447 250 3489; x_wconf 85' lang='lat' dir='ltr'>non</span> <span class='ocrx_word' id='word_1_161' title='bbox 268 3429 465 3490; x_wconf 90' lang='lat' dir='ltr'>brassicarum</span> <span class='ocrx_word' id='word_1_162' title='bbox 481 3428 558 3488; x_wconf 79' lang='lat' dir='ltr'>ferre</span> <span class='ocrx_word' id='word_1_163' title='bbox 572 3427 685 3508; x_wconf 84' lang='lat' dir='ltr'>glorior</span> <span class='ocrx_word' id='word_1_164' title='bbox 701 3427 798 3488; x_wconf 88' lang='lat' dir='ltr'>caules</span> 
     </span>
     <span class='ocr_line' id='line_1_36' title="bbox 189 3511 1112 3592; baseline -0.002 -19"><span class='ocrx_word' id='word_1_165' title='bbox 189 3511 317 3588; x_wconf 87' lang='lat' dir='ltr'>betasre,</span> <span class='ocrx_word' id='word_1_166' title='bbox 333 3521 459 3592; x_wconf 87' lang='lat' dir='ltr'>quantas</span> <span class='ocrx_word' id='word_1_167' title='bbox 473 3513 579 3574; x_wconf 89' lang='lat' dir='ltr'>hortus</span> <span class='ocrx_word' id='word_1_168' title='bbox 594 3513 700 3574; x_wconf 88' lang='lat' dir='ltr'>educat</span> <span class='ocrx_word' id='word_1_169' title='bbox 714 3511 823 3585; x_wconf 92' lang='lat' dir='ltr'>nullus,</span> <span class='ocrx_word' id='word_1_170' title='bbox 1085 3521 1112 3572; x_wconf 78' lang='lat' dir='ltr'>ta</span> 
     </span>
     <span class='ocr_line' id='line_1_37' title="bbox 189 3598 893 3678; baseline -0.004 -19"><span class='ocrx_word' id='word_1_171' title='bbox 189 3616 362 3660; x_wconf 86' lang='lat' dir='ltr'>crescensve</span> <span class='ocrx_word' id='word_1_172' title='bbox 377 3615 494 3678; x_wconf 87' lang='lat' dir='ltr'>semper</span> <span class='ocrx_word' id='word_1_173' title='bbox 508 3598 539 3660; x_wconf 96' lang='lat' dir='ltr'>in</span> <span class='ocrx_word' id='word_1_174' title='bbox 555 3617 641 3659; x_wconf 91' lang='lat' dir='ltr'>suum</span> <span class='ocrx_word' id='word_1_175' title='bbox 657 3607 747 3678; x_wconf 90' lang='lat' dir='ltr'>caput</span> <span class='ocrx_word' id='word_1_176' title='bbox 760 3613 893 3677; x_wconf 84' lang='lat' dir='ltr'>porrum.</span> 
     </span>
    </p>
   </div>
   <div class='ocr_carea' id='block_1_10' title="bbox 83 3794 1155 4070">
    <p class='ocr_par' dir='ltr' id='par_1_16' title="bbox 83 3794 1155 4004">
     <span class='ocr_line' id='line_1_38' title="bbox 165 3794 1155 3867; baseline -0.001 -16"><span class='ocrx_word' id='word_1_177' title='bbox 165 3800 185 3851; x_wconf 89' lang='lat' dir='ltr'>L</span> <span class='ocrx_word' id='word_1_178' title='bbox 205 3802 221 3853; x_wconf 80' lang='lat'>2</span> <span class='ocrx_word' id='word_1_179' title='bbox 245 3799 398 3852; x_wconf 88' lang='lat' dir='ltr'>ticosissima</span> <span class='ocrx_word' id='word_1_180' title='bbox 417 3799 541 3865; x_wconf 79' lang='lat' dir='ltr'>plerique</span> <span class='ocrx_word' id='word_1_181' title='bbox 564 3797 568 3867; x_wconf 90' lang='grc' dir='ltr'>Ι</span> <span class='ocrx_word' id='word_1_182' title='bbox 591 3801 608 3852; x_wconf 79' lang='lat' dir='ltr'>t</span> <span class='ocrx_word' id='word_1_183' title='bbox 630 3812 773 3866; x_wconf 87' lang='lat' dir='ltr'>causasque</span> <span class='ocrx_word' id='word_1_184' title='bbox 795 3795 875 3860; x_wconf 81' lang='lat' dir='ltr'>uolgo</span> <span class='ocrx_word' id='word_1_185' title='bbox 899 3794 904 3863; x_wconf 89' lang='grc' dir='ltr'>Ι</span> <span class='ocrx_word' id='word_1_186' title='bbox 929 3799 944 3846; x_wconf 88' lang='grc'>6</span> <span class='ocrx_word' id='word_1_187' title='bbox 970 3811 1026 3848; x_wconf 91' lang='lat' dir='ltr'>cum</span> <span class='ocrx_word' id='word_1_188' title='bbox 1050 3796 1155 3863; x_wconf 88' lang='lat' dir='ltr'>paribus</span> 
     </span>
     <span class='ocr_line' id='line_1_39' title="bbox 84 3862 1153 3934; baseline -0.002 -14"><span class='ocrx_word' id='word_1_189' title='bbox 84 3869 191 3933; x_wconf 79' lang='lat' dir='ltr'>quidam</span> <span class='ocrx_word' id='word_1_190' title='bbox 209 3869 283 3932; x_wconf 82' lang='lat' dir='ltr'>(inde</span> <span class='ocrx_word' id='word_1_191' title='bbox 300 3871 330 3919; x_wconf 82' lang='lat' dir='ltr'>in</span> <span class='ocrx_word' id='word_1_192' title='bbox 348 3872 425 3920; x_wconf 68' lang='lat' dir='ltr'>enitar</span> <span class='ocrx_word' id='word_1_193' title='bbox 444 3867 518 3920; x_wconf 87' lang='lat' dir='ltr'>nodis</span> <span class='ocrx_word' id='word_1_194' title='bbox 532 3867 737 3934; x_wconf 72' lang='lat' dir='ltr'>propraetorem)</span> <span class='ocrx_word' id='word_1_195' title='bbox 754 3863 881 3918; x_wconf 86' lang='lat' dir='ltr'>similibus</span> <span class='ocrx_word' id='word_1_196' title='bbox 899 3863 950 3914; x_wconf 83' lang='lat' dir='ltr'>alii</span> <span class='ocrx_word' id='word_1_197' title='bbox 961 3862 971 3933; x_wconf 81' lang='grc' dir='ltr'>ΙΙ</span> <span class='ocrx_word' id='word_1_198' title='bbox 989 3863 1019 3916; x_wconf 86' lang='lat' dir='ltr'>Ll</span> <span class='ocrx_word' id='word_1_199' title='bbox 1039 3867 1068 3917; x_wconf 82' lang='lat'>12</span> <span class='ocrx_word' id='word_1_200' title='bbox 1088 3879 1153 3934; x_wconf 92' lang='lat' dir='ltr'>quae</span> 
     </span>
     <span class='ocr_line' id='line_1_40' title="bbox 83 3937 611 4004; baseline 0.008 -18"><span class='ocrx_word' id='word_1_201' title='bbox 83 3941 187 3990; x_wconf 86' lang='lat' dir='ltr'>vacatur</span> <span class='ocrx_word' id='word_1_202' title='bbox 205 3937 262 3988; x_wconf 87' lang='lat' dir='ltr'>alva</span> <span class='ocrx_word' id='word_1_203' title='bbox 281 3937 323 3988; x_wconf 83' lang='lat' dir='ltr'>uel</span> <span class='ocrx_word' id='word_1_204' title='bbox 339 3937 396 3990; x_wconf 91' lang='lat' dir='ltr'>alna</span> <span class='ocrx_word' id='word_1_205' title='bbox 412 3937 417 4004; x_wconf 78' lang='lat' dir='ltr'>l</span> <span class='ocrx_word' id='word_1_206' title='bbox 435 3940 464 3989; x_wconf 85' lang='lat' dir='ltr'>ta</span> <span class='ocrx_word' id='word_1_207' title='bbox 483 3951 611 4003; x_wconf 87' lang='lat' dir='ltr'>purpureo</span> 
     </span>
    </p>

    <p class='ocr_par' dir='ltr' id='par_1_17' title="bbox 899 4017 950 4070">
     <span class='ocr_line' id='line_1_41' title="bbox 899 4017 950 4070; baseline -0.02 0"><span class='ocrx_word' id='word_1_208' title='bbox 899 4017 950 4070; x_wconf 79' lang='lat'>10*</span> 
     </span>
    </p>
   </div>
   <div class='ocr_carea' id='block_1_11' title="bbox 0 0 1394 4480">
    <p class='ocr_par' dir='ltr' id='par_1_18' title="bbox 0 0 1394 4480">
     <span class='ocr_line' id='line_1_42' title="bbox 0 0 1394 4480; baseline 0 2"><span class='ocrx_word' id='word_1_209' title='bbox 0 0 1394 4480; x_wconf 95' lang='lat' dir='ltr'> </span> 
     </span>
    </p>
   </div>
  </div>
 </body>
</html>
