2772 4476
574 211 714 266 suriunt
1138 211 1175 272 11

63 394 88 446 Ι,
106 388 206 448 lacere
220 384 325 458 debui,
350 403 418 447 cum
433 386 509 446 lame
524 383 679 447 morerer?
700 403 737 446 an
760 387 895 448 videlicet
911 387 1043 450 audirem
1058 396 1181 450 senten·
1290 455 1295 468 ,
1314 451 1319 464 ,

106 471 179 544 tias,
200 470 230 532 id
245 479 289 532 est
304 471 395 532 vitrea
408 472 500 532 tracta
521 479 551 532 et
573 473 757 533 somniorum
779 471 1066 554 interpretamenta?
1086 457 1308 535 1111111’1’“’1””1

106 575 157 618 me
172 555 289 636 turpior
304 564 383 618 estu
397 557 535 631 hercule,
552 556 603 635 qui
618 566 651 617 ut
665 557 737 618 loris
752 575 889 633 cenares,
905 567 1023 638 poetam
1037 558 1180 620 laudasti’.
1191 575 1274 612 11111-

138 645 140 650 ’
193 641 291 718 itaque
307 659 341 701 11
356 641 526 722 turpissima
541 642 592 702 lite
607 641 638 730 ip
654 643 746 704 risum
762 641 859 704 dillusi
874 644 1005 723 pacatius
1020 643 1055 704 ad
1067 643 1180 722 reliqua

68 741 282 790 5secess1mus

134 835 135 838 ¹
636 815 655 850 ae

194 916 298 960 rursus
320 898 350 958 in
372 899 543 979 memoriam
570 907 724 960 revocatus
748 898 873 960 iniuriae
895 899 1038 979 ‘Ascylte'
1060 898 1182 976 inquam

23 987 85 1057 pe>
108 983 260 1062 ‘intellego
275 983 363 1044 nobis
384 964 628 1045 convenilltstnon
649 1002 747 1064 posse.
784 984 884 1063 itaque
899 1002 1073 1046 communes
1090 986 1251 1059 sarci-trop·

109 1069 195 1132 nulas
206 1069 368 1148 partiamur
377 1085 410 1129 ac
421 1076 627 1149 paupertatem
636 1079 769 1130 nostram
777 1069 1075 1149 privatisquaestibus
1086 1079 1183 1150 temp·

107 1163 206 1216 temus
227 1153 383 1233 expellere.
420 1163 449 1214 et
470 1161 503 1214 tu
523 1153 622 1216 literas
642 1154 700 1216 scis
721 1163 751 1215 et
772 1173 837 1234 ego.
875 1173 913 1216 ne
936 1155 1106 1236 quaestibus
1126 1156 1183 1216 tuis

56 1253 87 1305 10
109 1239 241 1313 obstem,
265 1238 343 1299 aliud
365 1238 475 1318 aliquid
490 1239 674 1318 promittam3
696 1239 805 1319 alioqui
827 1239 907 1301 mille
930 1257 1033 1302 causae
1052 1225 1251 1320 quotidiewtle

109 1344 165 1386 nos
180 1325 322 1386 collident
336 1333 366 1385 et
379 1342 434 1404 per
447 1331 538 1385 totam
554 1325 660 1386 urbem
676 1325 847 1387 rumoribus
862 1325 1019 1388 different'.
1058 1344 1119 1387 non
1135 1344 1183 1386 re·

109 1411 221 1472 cusavit
234 1409 368 1490 Ascyltos
391 1418 421 1471 et
443 1409 564 1470 ‘bodie’
579 1410 676 1491 inquit
696 1411 782 1488 ‘quia
803 1393 945 1490 tanquifm
966 1411 1133 1473 scholastici
1147 1412 1183 1470 ad

108 1513 214 1556 cenam
233 1494 440 1575 promisimus,
466 1514 528 1556 non
549 1496 708 1575 perdamus
730 1504 857 1557 noctem.
891 1515 956 1558 cras
976 1505 1092 1570 autem,
1116 1496 1184 1574 quia

108 1581 165 1642 boc
186 1581 274 1655 libet,
300 1589 330 1641 et
351 1579 532 1641 habitatione
583 1581 653 1641 mibi
674 1581 854 1660 prospiciam
880 1590 909 1643 et
930 1581 1019 1642 alium
1042 1581 1183 1643 tratrem’.

58 1679 87 1730 11
107 1667 237 1727 ‘tardum
251 1665 304 1727 est’
320 1665 441 1744 inquam
458 1664 537 1726 ‘dille
572 1649 683 1746 d‘lquod
698 1665 803 1746 placet’

636 1771 653 1809 11

195 1836 273 1897 hanc
282 1843 343 1896 tam
354 1834 544 1916 praecipitem
556 1835 727 1898 divisionem
739 1815 830 1897 libido
843 1834 984 1912 iaciebat3
999 1835 1056 1896 iam
1072 1819 1319 1915 dudumuclss'f,

110 1921 190 1982 enim
201 1905 326 1982 detine
349 1920 504 2000 cupiebam
529 1922 680 1983 custodem
705 1923 877 1993 molestum,
903 1930 937 1981 ut
961 1929 1090 1982 veterem
1116 1938 1184 1982 cum
1249 1889 1300 1940 Τ

109 2006 218 2068 Gitone
233 2025 300 2068 meo
315 2006 461 2067 rationem
476 2007 649 2068 reducerem

637 2112 654 2146 ἑ

125 2233 160 2278 M
196 2159 353 2274 postquam
375 2178 495 2239 lustravi
516 2177 609 2240 oculis
629 2186 722 2239 totam
743 2174 864 2251 urbem,
887 2176 918 2236 in
941 2175 1077 2237 cellulam
1099 2173 1183 2248 redii,
1205 2179 1241 2238 11

60 2249 279 2342 uniuscuisque
300 2262 419 2324 tandem
440 2262 597 2324 bonafide
620 2263 729 2325 exactis
750 2261 837 2338 alligo
853 2260 1006 2322 artissimis
1023 2260 1185 2340 complexi·

111 2348 168 2410 bus
182 2366 310 2430 puerum
324 2349 468 2426 fruorque
483 2348 558 2409 votis
574 2366 667 2427 usque
682 2348 718 2408 ad
734 2346 872 2408 invidiam
887 2344 1031 2406 felicibus.
1061 2362 1118 2405 nec
1133 2329 1244 2404 ad-llw
1254 2337 1295 2399 ,Ψ

110 2434 171 2496 huc
194 2434 313 2513 quidem
334 2433 434 2494 omnia
454 2441 541 2494 erant
559 2433 651 2518 lacta,
674 2449 743 2493 cum
758 2431 892 2512 Ascyltos
907 2430 1009 2490 furtim
1024 2448 1055 2491 se
1071 2427 1185 2490 loribus

111 2519 239 2581 admovit
259 2519 458 2598 discussisque
478 2518 636 2580 tortissinle
659 2517 794 2579 claustris
809 2515 922 2578 invenit
942 2532 990 2576 mc
1012 2514 1185 2590 cumfratre

110 2605 273 2666 ludentem.
316 2605 378 2665 risu
403 2604 503 2684 itaque
523 2603 688 2686 plausuque
713 2602 849 2664 cellulam
876 2600 1021 2681 implevit,
1048 2593 1301 2680 opertumlffll',

60 2699 89 2750 15
110 2709 158 2752 me
179 2689 304 2752 amiculo
327 2689 469 2751 evolvite
503 2689 592 2768 ‘quid
607 2688 728 2768 agebas’
749 2687 847 2766 inquit
862 2688 970 2748 ‘irater
990 2685 1184 2757 sanctissime,

32 2753 162 2862 ,ΝΚ-111111
178 2775 281 2837 diverti
295 2698 648 2928 obblbbbllrllffllacisl’
670 2793 726 2836 nec
740 2791 772 2834 se
786 2773 883 2836 solum
903 2772 981 2832 intra
997 2771 1087 2832 verba
1111 2788 1185 2832 con-

110 2861 217 2934 tinuit,
239 2861 290 2922 sed
310 2861 408 2921 lorum
423 2861 493 2940 dep
559 2859 645 2921 solvit
666 2868 697 2921 et
716 2876 763 2920 me
778 2859 876 2938 coepit
898 2877 961 2918 non
983 2856 1185 2936 perfunctorie

109 2946 285 3018 verberare,
307 2945 427 3006 adiectis
448 2945 536 3006 etiam
557 2945 760 3025 petulantibus
779 2943 880 3005 dictis:
902 2943 954 3004 ‘sio
972 2939 1100 3003 dividere
1116 2959 1185 3003 cum

111 3031 203 3092 fratre
217 3029 320 3092 nolito’
638 3115 656 3150 a

60 3193 89 3244 tt
195 3185 388 3246 veniebamus
403 3183 433 3245 in
449 3184 547 3245 lorum
561 3183 716 3330 depfflqicnte
731 3182 788 3244 iam
805 3181 867 3251 die,
890 3180 920 3240 in
944 3197 1004 3258 quo
1020 3179 1186 3242 notavimus
1206 3178 1244 3238 12

13 3309 18 3318 ·
112 3269 310 3348 frequentiam
325 3287 425 3332 rerum
440 3245 603 3343 venallillrl',
649 3287 689 3330 on
711 3267 831 3346 quidem
851 3265 1048 3345 pretiosarum
1070 3265 1122 3327 sed
1142 3273 1185 3326 ta-

111 3373 182 3418 men
200 3372 324 3432 quarum
343 3356 432 3416 fidem
452 3354 528 3415 male
544 3354 745 3416 ambulantem
767 3349 932 3452 ohscur'pps
947 3350 1186 3437 temporislacil·

110 3441 182 3502 lime
196 3446 318 3518 tegeret.
347 3457 415 3500 cum
429 3457 501 3520 ergo
523 3448 554 3501 et
572 3439 630 3519 ipsi
651 3446 768 3518 raptum
790 3409 947 3497 1111111111
964 3429 1186 3515 pallium'detu·

111 3526 258 3600 lissemus,
268 3524 312 3586 uti
341 3542 374 3586 cc
392 3526 476 3587 sione
488 3523 742 3605 opportunissima
753 3520 905 3602 coepimus
915 3529 1004 3600 atque
1018 3521 1049 3581 in
1058 3520 1186 3599 quodam

61 3618 90 3668 11
111 3611 221 3692 angulo
235 3543 390 3672 tacinlltll
388 3630 403 3672 e
423 3619 549 3672 tremam
564 3618 742 3682 concutere,
764 3607 790 3669 si
813 3625 902 3686 quem
922 3607 999 3668 forte
1020 3615 1184 3691 emptorem
1268 3671 1271 3678 Ι

65 3764 70 3782 ,
112 3697 254 3777 splendor
268 3695 357 3758 vestis
371 3631 473 3776 pulset
487 3695 643 3758 adducere.
680 3713 736 3755 nec
758 3691 808 3754 diu
824 3699 955 3754 moratus
969 3690 1098 3752 rusticus
1120 3690 1186 3769 qui-

112 3784 179 3844 dam
193 3780 344 3843 familiaris
360 3781 453 3854 oculis
468 3781 541 3842 meis
556 3799 625 3844 cum
639 3777 811 3840 muliercula
827 3776 935 3836 comite
949 3773 1074 3855 propius
1086 3793 1186 3837 acces·

197 3935 213 3986 2
236 3929 345 3985 vitream
369 3931 551 3998 111111111111
576 3929 691 3982 delerent
701 3927 712 3996 ΙΙ
737 3930 768 3981 14
792 3925 904 3992 aliquem
922 3924 931 3994 ll
954 3927 984 3978 te
1007 3924 1159 3977 deducerem
1174 3924 1185 3988 ΙΙ

113 4001 146 4053 16
163 3999 225 4068 quid
243 4001 268 4054 .i.
286 3999 547 4054 verticontubernium
559 3998 570 4066 11
583 4001 612 4051 31
633 3995 722 4048 talium
740 3996 876 4047 lrrrlr'tr·
