2772 4476
207 175 247 236 14
664 176 816 230 pernovit

206 361 270 414 erat
284 362 389 433 operto
405 355 509 433 eapite,
524 353 573 414 illa
583 353 695 416 seilicet
710 371 786 432 quae
798 353 886 431 paulo
902 361 970 414 ante
981 325 1050 414 ouda
1061 351 1172 414 mistico
1186 357 1281 412 stete·
1301 361 1351 412 Lo

205 448 266 512 rat,
290 445 320 500 et
342 442 399 500 ‘me
421 439 566 500 derisisse'
592 439 691 518 inquit
718 444 779 500 ‘vos
800 435 969 517 putabatis?
998 456 1054 517 ego
1083 455 1148 498 sum
1172 434 1282 496 ancilla

207 523 381 599 Quartillae,
402 524 487 587 ouius
501 542 552 586 ros
574 541 692 584 sacrum
706 531 775 584 ante
797 532 929 602 cryptam
949 521 1099 585 turbastis.
1130 539 1199 583 ecce
1213 519 1282 600 ipsa

208 609 287 671 venit
301 611 337 671 ad
351 609 500 670 stabulum
513 609 647 689 petitque
666 618 700 670 ut
713 608 866 670 vobiscum
879 607 961 687 loqui
975 609 1070 670 liceat.
1100 606 1193 668 nolite
1208 623 1281 685 per-

208 694 328 756 turbari.
359 713 416 756 nee
429 701 550 756 accusat
569 713 702 757 errorem
724 702 853 756 vestrum
873 713 929 754 nec
943 694 1046 773 punit,
1067 693 1157 754 immo
1178 690 1282 770 potius
1300 701 1318 750 5

206 780 346 854 miratur,
370 780 435 859 quis
450 779 522 842 deus
543 780 666 842 iuvenes
687 788 747 841 tam
760 779 893 841 urbanos
906 779 938 840 in
959 797 1043 841 suam
1056 778 1211 858 regionem
1225 775 1281 835 de-

151 865 187 928 17
207 865 328 926 tulerit.'
355 864 521 942 tacentibus
538 866 633 926 adbuc
648 865 736 926 nobis
750 864 831 926 etad
846 872 982 926 neutram
997 873 1112 944 partem
1126 861 1282 924 adsensio-

208 969 279 1012 nem
293 949 483 1012 flectentibus
497 950 616 1012 intravit
629 944 789 1030 ipsafuna
804 949 942 1011 comitata
961 949 1090 1028 virgine,
1112 948 1282 1026 sedensque

206 1054 296 1116 super
317 1042 416 1097 torum
437 1053 538 1096 meum
559 1035 610 1096 diu
631 1035 719 1097 flevit.
753 1054 787 1096 ae
809 1054 847 1097 ne
869 1044 942 1097 tunc
965 1035 1084 1114 quidem
1106 1053 1162 1095 nos
1184 1031 1282 1094 ullum

190 1120 366 1197 „adiecimus
380 1119 513 1196 verbum,
528 1121 580 1202 sed
594 1120 710 1182 attoniti
721 1120 937 1201 expectavimus
949 1120 1084 1182 lacrimas
1099 1119 1136 1179 ad
1147 1125 1281 1181 ostenta-
1300 1123 1330 1175 to

54 1231 69 1273 o
93 1203 146 1262 ,ab
194 1209 317 1268 tionem
333 1205 445 1267 doloris
459 1184 647 1286 paratas.“iss
661 1223 733 1286 ergo
747 1213 808 1268 tam
823 1206 995 1268 ambitiosus
1012 1205 1159 1267 detumuit
1172 1201 1280 1274 imber,

206 1292 313 1354 retexit
328 1289 491 1370 superbum
506 1291 595 1371 pallio
610 1300 699 1371 caput
713 1300 743 1352 et
757 1291 895 1354 manibus
909 1292 987 1352 inter
998 1311 1030 1352 se
1044 1310 1140 1370 usque
1154 1291 1190 1350 ad
1206 1287 1281 1348 arti·

116 1412 160 1449 1..a
207 1377 342 1439 culorum
355 1377 512 1456 strepitum
523 1377 691 1470 constrictis
706 1382 862 1471 tquaenam
876 1377 929 1439 est'
942 1377 1042 1456 inquit
1055 1377 1137 1438 ‘baec
1148 1372 1280 1445 audacia,

108 1484 112 1496 ’
207 1473 257 1525 aut
271 1460 446 1523 ubilabulas
461 1463 547 1524 etiam
569 1449 931 1524 autecessb’rdilauooinia
947 1460 1110 1524 didicistis?
1134 1461 1282 1522 misereor
1370 1523 1371 1536 Σ

206 1548 321 1610 medius
341 1548 429 1609 lidius
448 1548 551 1622 vestri;
573 1567 671 1627 neque
693 1549 773 1609 euim
794 1549 916 1626 impune
937 1547 1093 1626 quisquam
1113 1546 1193 1625 quod
1215 1563 1281 1605 non
1299 1550 1328 1601 15
1370 1537 1371 1620 l

207 1634 298 1708 licuit,
313 1633 454 1712 adspexit.
483 1633 586 1712 utique
610 1642 712 1696 nostra
733 1633 815 1714 regio
831 1643 889 1694 tam
909 1633 1116 1713 praesentibus
1132 1632 1221 1712 plena
1234 1637 1282 1691 est

208 1718 395 1792 numinibuS,
411 1727 444 1780 ut
458 1718 572 1782 facilius
587 1719 682 1799 possis
698 1719 785 1782 deum
800 1738 888 1798 quam
903 1717 1055 1780 hominem
1070 1717 1214 1790 invenire.
1245 1733 1281 1775 ao
1370 1735 1371 1786 r

208 1823 247 1865 ne
268 1822 317 1865 me
337 1803 449 1882 putetis
469 1803 593 1865 ultionis
613 1822 699 1865 causa
720 1804 779 1865 buc
801 1806 931 1877 venisse,
954 1812 1049 1864 aetate
1070 1803 1163 1881 magis
1183 1808 1281 1863 vestra
1370 1803 1371 1880 ᾗ

207 1906 397 1949 commoveor
412 1906 500 1965 quam
514 1889 622 1948 iniuria
636 1905 710 1948 mea.
740 1889 944 1967 imprudentes
958 1889 1048 1961 enim,
1063 1898 1097 1950 ut
1111 1888 1281 1966 adbuc-pu·
1370 1887 1371 1968 l

105 2005 117 2023 η
208 1982 248 2048 to,
265 1973 420 2034 admisistis
438 1967 620 2053 ‘inexpiabile
639 1972 744 2034 scelus.
775 1974 839 2052 ipsa
859 1972 978 2052 quidem
1001 1973 1048 2034 illa
1068 1982 1157 2034 nocte
1177 1981 1281 2032 vexata
1298 1977 1326 2026 tu
1370 2011 1371 2014 ,

165 2055 184 2124 Ἴ
207 2068 266 2120 tam
281 2057 449 2139 periculoso
464 2058 598 2119 inhorrui
619 2051 746 2136 frigore,
769 2067 802 2120 ut
815 2059 958 2129 tertianae
979 2059 1067 2119 etiam
1082 2060 1226 2138 impetum
1242 2057 1282 2117 ti·
1370 2129 1371 2134 γ

207 2162 311 2205 meam.
343 2155 372 2204 et
385 2143 451 2205 ideo
473 2143 649 2205 medicinam
670 2144 785 2205 somnio
806 2144 878 2224 petii
899 2145 1036 2223 iussaque
1058 2162 1124 2206 sum
1145 2163 1196 2205 vos
1210 2161 1282 2221 per·
1314 2191 1319 2196 .
1370 2159 1371 2226 ᾗ

208 2230 326 2308 quirere
342 2237 429 2308 atque
452 2229 595 2308 impetum
618 2228 714 2290 morbi
734 2238 897 2291 monstrata
918 2228 1077 2290 subtilitate
1093 2229 1196 2290 lenire.
1227 2227 1282 2289 sed

99 2323 103 2330 '
208 2316 244 2377 de
263 2315 393 2377 remedio
416 2333 477 2375 non
500 2323 561 2376 tam
580 2298 802 2392 valdc⁵labor03
828 2316 923 2377 maior
944 2315 1024 2376 enim
1045 2315 1076 2376 in
1098 2313 1281 2394 praecordiis

208 2403 292 2465 dolor
306 2401 411 2474 saevit,
433 2400 483 2480 qui
506 2418 553 2462 me
569 2420 663 2482 usque
685 2402 719 2462 ad
742 2401 945 2464 necessitatem
966 2401 1070 2462 mortis
1084 2399 1218 2472 deducit,
1241 2416 1282 2459 ne
1299 2402 1327 2452 25
1370 2447 1371 2450 ,

207 2488 320 2549 scilicet
340 2486 459 2548 iuvenili
480 2486 598 2566 impulsi
620 2487 738 2547 licentia
759 2485 839 2564 quod
858 2487 890 2547 in
912 2485 1018 2548 sacello
1039 2485 1137 2565 Priapi
1158 2483 1282 2559 vidistis,

208 2573 330 2648 vulgetis
352 2572 536 2649 deorumque
558 2571 681 2632 consilia
703 2570 860 2650 proferatis
882 2571 912 2630 in
936 2570 1089 2649 populum.
1131 2570 1280 2651 protendo
1370 2615 1371 2658 p

208 2657 297 2734 igitur
313 2656 346 2716 ad
364 2672 460 2733 genua
474 2663 570 2714 vestra
584 2655 705 2734 supinas
716 2673 822 2716 manus
834 2664 963 2734 petoque
978 2664 1007 2715 et
1023 2673 1086 2729 oro,
1102 2673 1140 2716 ne
1157 2663 1282 2716 noctur·
1370 2701 1371 2728 ,

209 2761 262 2803 nas
278 2739 436 2818 religiones
451 2738 550 2800 iocum
566 2739 717 2817 risumque
732 2739 854 2815 faciatis,
870 2759 944 2802 neve
959 2740 1114 2801 traducere
1129 2740 1221 2801 velitis
1235 2747 1282 2801 tot
1370 2751 1371 2822 l

208 2843 355 2888 annorum
371 2833 493 2898 secreta,
510 2842 585 2903 quae
599 2825 646 2885 vix
660 2825 740 2887 mille
755 2824 890 2887 homines
906 2825 1073 2886 noverunt!
1298 2830 1327 2880 30

62 2921 126 3000 pto*
150 2901 187 2967 18
292 2910 456 2972 secundum
477 2910 555 2970 bane
574 2911 814 2991 deprecationem
836 2911 970 2972 lacrimas
992 2929 1095 2972 rursus
1110 2909 1213 2972 effudit
1227 2928 1281 2988 ge-

68 3001 69 3008 ’
208 2997 387 3074 milibusque
408 2995 497 3074 largis
518 3013 662 3058 concussa
680 3005 742 3058 tota
768 2997 841 3058 facie
862 3015 896 3056 ac
917 3005 1037 3075 pectore
1058 3003 1157 3056 torum
1179 2985 1287 3056 meum:
1370 2965 1371 3050 l

207 3083 323 3163 pressit.
354 3100 408 3161 ego
432 3081 536 3142 eodem
557 3088 692 3161 tempore
715 3089 745 3144 et
765 3081 965 3144 misericordia
987 3078 1121 3141 turbatus
1144 3087 1173 3139 et
1186 3088 1281 3156 metu,
1370 3057 1371 3130 l

207 3167 320 3231 bonum
343 3167 474 3229 animum
489 3166 600 3227 habere
622 3184 686 3227 eam
701 3167 772 3228 iussi
788 3177 817 3228 et
839 3166 875 3227 de
895 3175 1024 3244 utroque
1047 3182 1111 3226 esse
1126 3181 1278 3225 securam:
1370 3195 1371 3208 κ

208 3272 275 3314 nam
297 3271 394 3332 neque
415 3271 497 3315 sacra
519 3270 696 3331 quemquam
717 3253 919 3332 vulgaturum,
941 3260 971 3312 et
991 3251 1015 3311 si
1030 3248 1110 3328 quod
1125 3257 1280 3329 practerea
1297 3256 1325 3306 st
1370 3283 1371 3300 η

207 3339 284 3400 aliud
311 3337 473 3398 remedium
499 3339 534 3398 ad
556 3338 709 3399 tertianam
736 3338 808 3400 deus
832 3337 873 3398 illi
893 3343 1101 3409 monstrasset,
1127 3335 1279 3397 adiuvatu-

116 3419 169 3502 „rl
208 3443 258 3485 ros
274 3443 329 3486 nos
344 3422 470 3484 divinam
485 3423 699 3503 providentiam
721 3422 765 3484 vel
785 3423 917 3504 periculo
933 3431 1046 3485 nostro.
1075 3420 1196 3483 hilarior
1210 3429 1280 3500 post

127 3582 132 3590 ,
168 3511 286 3573 sabano
300 3507 542 3590 pollicitationem
556 3510 633 3570 facta
654 3509 760 3570 mulier
775 3507 898 3571 basiavit
917 3526 963 3568 me
978 3507 1117 3588 spissius,
1138 3515 1168 3568 et
1185 3525 1221 3568 ex
1234 3506 1278 3566 la-

207 3630 411 3640 .--—————

295 3681 306 3730 l
327 3679 371 3729 illa
384 3705 405 3715 -
418 3680 525 3729 steterat
536 3681 665 3742 tanquam
676 3694 711 3728 ecc
718 3694 748 3744 p.
763 3676 1193 3742 12‚34matarapettta1aaotetus
1205 3674 1277 3724 dom·

208 3749 291 3797 natat
301 3745 311 3814 ll
323 3749 337 3798 3
351 3760 448 3798 sueram
462 3745 483 3795 0
495 3743 529 3814 lt
549 3749 635 3797 autem
653 3744 735 3798 adhuc
752 3747 795 3797 oel
812 3744 895 3816 adbuc
914 3749 999 3797 autem
1018 3745 1082 3793 libri
1091 3743 1199 3806 uliquot
1213 3743 1218 3806 Ι
1233 3741 1277 3792 ad-

208 3813 378 3866 sentationem
394 3813 404 3880 ll
426 3817 456 3866 to
480 3814 653 3880 spectavimus
677 3813 823 3867 Sumtucue
844 3811 855 3880 l
880 3817 908 3867 ll
934 3816 962 3864 ut
983 3825 1045 3862 vero
1062 3809 1085 3860 h
1105 3810 1109 3875 Ι
1130 3810 1246 3862 detonuit
1267 3807 1278 3876 ll

209 3885 242 3935 20
260 3881 327 3934 curis
345 3887 394 3932 out
410 3882 544 3933 insomniis
562 3887 688 3934 omissum
701 3889 768 3948 puto
784 3888 847 3934 onte
863 3886 956 3934 vexata
974 3878 983 3947 ΙΙ
1001 3881 1033 3932 22
1052 3893 1142 3930 somno
1159 3879 1169 3946 ΙΙ
1187 3880 1219 3930 23
1238 3893 1277 3928 sa·

208 3951 328 4003 lubritate
346 3950 470 4000 Heinsius
486 3948 496 4019 l
512 3952 546 4003 26
564 3950 676 4018 impulsu
693 3951 821 4004 licentiam
836 3951 857 4000 0

79 3591 116 3633 tq*
