2780 4480
547 195 688 250 umarus

187 371 255 450 quis
269 369 419 432 bacchum
433 369 536 448 gracili
550 378 662 434 vestam
677 371 872 450 praetendere
888 372 998 454 thyrso,

232 455 297 535 quis
312 462 341 516 te
357 455 449 516 celata
463 473 532 518 cum
546 456 610 518 saca
625 455 704 530 vidit,
720 453 833 518 Amcr‘l

149 595 152 607 .
188 559 246 602 nec
260 540 333 601 mihi
348 540 386 602 sit
400 539 523 615 crimen,
539 542 619 619 quod
634 539 766 602 mentula
780 559 899 621 semper
913 550 1013 623 aperta
1028 552 1085 605 est:

229 625 287 686 boc
301 624 373 685 mihi
387 625 413 687 si
427 625 519 686 telum
534 625 619 699 desit,
634 625 759 687 inermis
773 644 834 688 ern.

601 775 628 838 X

187 877 384 940 lusnlsissima
400 879 470 958 quid
485 879 583 959 puella
598 877 698 942 rides‘l

187 980 251 1024 non
266 981 314 1024 me
330 964 490 1026 Praxiteles
504 963 650 1044 Scopasre
665 965 744 1038 lecit,

186 1065 244 1108 nec
257 1065 324 1110 sum
339 1047 475 1110 Phidiaca
489 1066 580 1111 manu
592 1049 717 1129 politus;

186 1133 239 1193 sed
254 1121 367 1212 lignum
382 1134 456 1195 rude
470 1132 574 1196 vilicus
588 1134 704 1209 dolavit,

188 1225 218 1278 et
233 1217 305 1278 dixit
318 1218 404 1280 mibi·
421 1221 463 1279 ‘tu
477 1218 603 1298 Priapus
618 1211 701 1281 esto'.

186 1310 302 1400 spectas
316 1321 363 1364 me
378 1310 477 1364 tamen
493 1310 523 1364 et
536 1297 662 1365 subinde
677 1304 770 1366 rides:

188 1386 330 1448 nimirum
344 1387 398 1449 tibi
413 1387 488 1449 salsa
502 1405 551 1450 res
564 1388 680 1449 ridetur

188 1472 307 1534 adstans
321 1472 494 1551 inguinibus
510 1472 647 1533 columna
663 1475 782 1536 nostris.

186 1707 229 1768 Ne
243 1708 399 1787 prendere,
415 1725 493 1769 cava.
522 1726 633 1788 prenso
649 1727 705 1770 uec
719 1709 796 1771 fuste
811 1708 936 1784 nocebo,

229 1811 313 1854 saeva
327 1811 384 1854 nec
398 1792 519 1855 incurva
533 1793 656 1856 vulnera
670 1793 744 1855 falce
760 1792 852 1857 dabo:

186 1877 325 1939 traiectus
340 1884 430 1938 conto
445 1878 487 1939 sic
502 1878 662 1940 extendere
676 1878 782 1959 pedali,

227 1971 261 2024 ut
276 1962 374 2025 culum
389 1981 493 2042 rugam
509 1982 571 2025 non
587 1963 726 2026 babuisse
740 1971 836 2045 putes.

186 2198 335 2272 Quaedam
349 2199 449 2261 iunior
463 2199 599 2262 Hectoris
613 2208 746 2281 parente,

188 2283 329 2346 Cumaeae
343 2303 438 2359 seror,
453 2293 487 2346 ut
501 2292 584 2364 puta,
599 2284 737 2365 Sibyllae,

186 2370 314 2448 aequalis
327 2369 391 2444 tibi,
405 2388 494 2448 quam
509 2370 629 2432 domum
644 2377 797 2432 revertens

186 2453 318 2516 Theseus
333 2455 465 2535 repperit
479 2455 510 2516 in
526 2472 600 2533 rogo
614 2455 771 2528 iacentem,

186 2538 305 2600 infirmo
320 2539 396 2602 snlet
409 2539 469 2601 huc
484 2539 577 2617 gradu
591 2539 693 2601 venire

185 2642 366 2704 rugosasque
380 2642 488 2688 manns
501 2625 538 2685 ad
552 2632 629 2686 astra
644 2623 762 2698 tollens,

185 2726 223 2770 ne
239 2707 314 2771 desit
327 2709 393 2784 sibi,
408 2709 571 2772 mantulam
586 2725 701 2790 rogare.

184 2793 322 2856 besterna
337 2812 458 2874 qunque
473 2795 540 2856 luce
555 2793 625 2856 dum
641 2801 790 2875 precatur,

186 2877 305 2940 dentem
319 2880 356 2941 de
370 2878 466 2941 tribus
481 2879 626 2940 excrearit
638 2898 743 2940 nuum.

183 2963 272 3024 ‘tolle’
287 2964 408 3042 iuquam
424 2963 541 3043 ‘procul
555 2981 589 3024 ac
604 2961 674 3025 iube
688 2964 781 3025 latere

184 3048 272 3110 scissa
288 3049 343 3110 sub
359 3048 459 3110 tunica
473 3048 607 3126 stolaque
622 3048 697 3121 ruia,

183 3140 216 3193 ut
231 3151 350 3213 semper
363 3134 448 3208 salet,
463 3141 494 3194 et
507 3133 612 3194 timere
625 3131 733 3205 lucem,

184 3217 234 3296 qni
249 3225 333 3280 tanto
347 3226 429 3298 patet
443 3218 585 3280 indecens
597 3215 688 3294 biatu,

181 3300 305 3364 barbato
320 3321 420 3365 macer
435 3303 586 3364 eminente
600 3321 682 3378 nasa,

182 3397 214 3447 ut
228 3387 333 3449 credas
347 3377 499 3468 Epicnrcu
516 3386 652 3450 oscitari!

580 3539 647 3602 xllt

181 3637 339 3702 Percidere
354 3659 440 3720 puer,
454 3659 576 3702 moneo:
593 3641 710 3704 intuere
723 3639 838 3722 puella:

223 3723 379 3788 barbatum
393 3727 490 3788 turem
505 3725 589 3788 tertia
603 3745 702 3806 poena
715 3733 825 3786 manet.

159 3873 219 3928 ΧΗ
240 3873 381 3943 prensare
376 3873 508 4012 iturine
524 3873 595 3944 alil}
613 3873 657 3927 illl
677 3877 689 3929 1
707 3871 801 3928 band·
795 3873 879 3928 uanior
896 3872 1033 3940 uanum,
1051 3873 1148 3942 turplot

83 3935 187 3994 Iabua'ua
201 3944 206 4010 Ι
222 3891 258 3997 Sp
256 3947 333 3996 necle
350 3947 453 3996 eamear
487 3941 566 3998 Xllll
587 3941 717 4012 precidere
