2772 4476
208 183 248 242 12
666 182 819 238 PETRONll

208 366 300 427 sitae
320 361 490 442 diligentins
513 361 702 422 considerare
722 360 844 440 pallium
858 361 965 441 coepit.
1002 361 1130 424 invicem
1145 363 1284 444 Ascyltos
1300 370 1324 422 L

207 449 309 512 iniecit
323 447 606 528 contemplationem
620 464 711 526 super
724 464 844 508 umeros
858 447 961 508 rustici
972 447 1116 527 emptoris
1129 467 1165 509 ac
1180 448 1282 511 subito

209 535 392 598 exanimatus
406 531 559 595 conticuit.
594 549 627 592 ao
649 549 688 592 ne
703 531 766 611 ipse
787 530 907 610 quidem
929 532 994 594 sine
1009 532 1108 610 aliquo
1125 542 1210 595 motu
1224 536 1282 597 ho-

209 621 320 682 minem
334 617 491 698 conspexi,
515 635 583 678 nam
597 616 750 678 videbatur
770 616 818 678 ille
839 616 910 678 mihi
926 635 1004 692 esse,
1027 617 1078 696 qui
1101 619 1233 681 tunicam
1247 620 1280 681 in

209 704 367 768 solitudine
379 704 540 764 invenerat.
566 701 654 780 plane
670 701 694 762 is
704 701 768 781 ipse
780 709 851 762 erat.
874 700 926 763 sed
938 720 1004 762 cum
1017 703 1151 782 Ascyltos
1162 705 1310 768 timarete

209 790 296 851 fidem
313 788 483 859 oculorum,
501 804 538 847 ne
553 786 625 864 quid
639 795 751 847 temere
766 787 889 860 laceret,
907 787 990 866 prius
1004 797 1147 867 tanquam
1163 797 1283 870 emptor

209 875 333 956 propius
348 872 471 934 accessit
484 871 668 950 detraxitque
682 872 793 932 umeris
807 855 943 932 duanam
958 881 988 934 et
1002 873 1052 934 dili
1074 873 1175 936 entius
1183 884 1282 956 temp-

152 957 190 1020 13
209 961 287 1022 tavit.
324 947 606 1020 otusttfltortunae
621 955 794 1018 mirabilem.
830 975 899 1018 nam
916 891 1146 1020 aonue'lxitlae
1162 961 1283 1038 quidem

210 1065 272 1108 non
295 1043 432 1106 attulerat
453 1043 583 1104 rusticus
608 1041 741 1104 curiosas
762 1059 883 1116 manus,
909 1042 961 1104 sed
986 1053 1128 1123 tanquam
1152 1046 1283 1107 mendici

209 1129 338 1212 spolium
352 1128 438 1190 etiam
452 1127 602 1189 fastidiose
616 1126 792 1188 venditabat.
828 1127 961 1208 Ascyltos
983 1139 1141 1209 postquam
1163 1123 1327 1210 deptteitn

209 1225 274 1277 tum
295 1232 359 1276 esse
381 1212 552 1274 inviolatum
572 1211 644 1274 vidit
666 1220 696 1273 et
715 1230 874 1291 personam
893 1213 1049 1275 vendentis
1069 1223 1283 1296 contemptam,
1370 1267 1371 1270 ,

210 1299 325 1362 seduxit
339 1317 386 1360 me
400 1297 553 1378 paululum
568 1316 585 1358 a
599 1296 685 1359 turba
701 1306 730 1358 et
745 1297 832 1358 ‘scis'
851 1297 949 1376 inquit
964 1300 1085 1372 ‘fratem
1109 1300 1231 1363 rediisse
1245 1302 1284 1362 ad

211 1405 267 1447 nos
281 1385 454 1446 thesaurum
468 1383 504 1444 de
519 1401 578 1462 qno
594 1380 761 1463 querebar?
781 1381 830 1444 illa
844 1391 890 1444 est
903 1383 1036 1445 tunicula
1050 1385 1163 1461 adhuc,
1180 1391 1215 1447 nt
1229 1406 1283 1467 ap-

210 1479 310 1551 paret,
333 1469 451 1530 intactis
471 1469 568 1530 aureis
591 1468 687 1548 plena.
723 1467 795 1546 quid
817 1485 888 1548 ergo
911 1469 1049 1544 lecimus,
1071 1479 1123 1531 aut
1142 1490 1202 1550 quo
1217 1473 1283 1534 inre
1364 1519 1369 1543 ,

156 1579 158 1592 ¹
211 1574 275 1618 rem
290 1565 422 1616 nostram
436 1551 646 1616 vindicamusl’
776 1581 784 1596 x
1302 1565 1328 1615 te

296 1640 474 1702 exhilaratus
498 1658 553 1720 ego
580 1659 641 1702 non
663 1646 780 1700 tanturn
805 1639 873 1718 quia
897 1640 1037 1719 praedam
1059 1640 1208 1716 videbam,
1230 1643 1284 1704 sed

212 1727 298 1788 etiam
314 1727 394 1805 quod
408 1727 528 1787 fortuna
543 1743 590 1786 me
605 1744 623 1786 a
637 1722 807 1804 turpissima
819 1724 988 1805 suspicione
1003 1725 1164 1802 dimiserat,
1180 1727 1284 1806 negavi

212 1811 338 1872 circuitu
352 1810 510 1890 agendum,
526 1810 577 1871 sed
592 1810 680 1888 plane
693 1808 758 1869 iure
769 1808 845 1869 civili
859 1808 1068 1884 dimicandum,
1085 1818 1117 1871 ut
1131 1811 1156 1872 si
1167 1812 1285 1873 nollent

33 1917 92 1966 ,eor
109 1891 151 1938 cco
212 1896 337 1956 alienam
353 1877 553 1955 remittendae
568 1895 702 1966 reddere,
717 1891 753 1953 ad
769 1892 959 1953 interdictum
974 1894 1120 1956 venirent.

66 1969 70 1987 ¹
154 1977 194 2037 14
298 1988 400 2040 contra
416 1977 549 2058 Ascyltos
563 1977 643 2056 leges
658 1975 781 2038 timebat
795 1985 825 2038 et
840 1977 935 2055 ‘quis’
952 1977 1047 2039 aiebat
1061 1979 1129 2040 ‘hoc
1143 1979 1211 2040 loco
1227 1999 1284 2043 nos
1301 1989 1329 2040 tt
1372 1981 1373 2048 l

214 2064 304 2137 novit,
316 2072 367 2125 aut
377 2063 443 2142 quis
455 2062 576 2124 habebit
585 2062 753 2124 dicentibus
763 2059 873 2122 iidem?
884 2062 956 2123 mihi
966 2063 1055 2143 plane
1066 2064 1164 2144 placet
1174 2083 1284 2139 emere,
1372 2085 1373 2128 t

214 2149 345 2229 quamvis
360 2158 496 2211 nostrum
511 2147 560 2222 sit,
575 2148 653 2228 quod
670 2147 868 2228 agnoscimus,
883 2155 913 2208 et
923 2167 1015 2227 parvo
1025 2167 1094 2211 aere
1104 2167 1284 2230 recuperare
1372 2151 1373 2230 1

213 2234 313 2315 potius
327 2235 508 2308 tlresamum,
523 2251 613 2314 quam
627 2234 658 2295 in
674 2232 842 2313 ambiguam
855 2233 938 2296 litem
952 2235 1146 2298 descendere:

339 2321 344 2402 1
364 2319 435 2400 quid
449 2318 558 2382 iaciant
572 2320 662 2399 leges,
676 2318 729 2380 nbi
744 2319 804 2381 sola
819 2320 945 2399 pecunia
960 2330 1075 2400 regnat,
1302 2325 1343 2376 Lo

388 2414 439 2468 aut
452 2403 505 2466 ubi
519 2413 678 2486 paupertas
691 2405 810 2467 vincere
826 2405 906 2467 nulla
920 2404 1039 2487 potest?
1302 2415 1329 2465 25

341 2491 398 2584 ipsi
413 2491 464 2570 qui
479 2490 587 2570 Cynica
602 2499 615 2551 t
630 2490 762 2552 educunt
775 2493 1005 2634 temporepera,
1372 2525 1373 2568 q

390 2592 622 2653 nonnunquam
658 2575 766 2636 nmmis
779 2574 910 2638 vendere
939 2593 989 2637 era
1004 2574 1111 2636 solent.
1372 2575 1373 2664 1

343 2677 413 2738 ergo
428 2659 570 2720 indicium
585 2658 660 2720 nihil
673 2667 719 2720 est
732 2659 790 2720 nisi
804 2658 922 2738 publica
935 2677 1059 2733 merces,
1372 2685 1373 2688 ¹

383 2753 471 2823 atque
485 2762 576 2823 eques
591 2743 622 2804 in
637 2761 727 2806 causa
741 2744 791 2823 qui
806 2745 898 2819 sedet,
914 2753 1013 2824 empta
1027 2742 1153 2824 probat'

297 2827 303 2910 1
327 2830 379 2892 sed
399 2836 517 2910 praeter
537 2846 632 2890 unum
653 2829 844 2910 dipondium,
866 2848 926 2907 quo
947 2831 1027 2892 cicer
1040 2829 1220 2910 lupinosque
1235 2829 1287 2891 de·
1303 2831 1353 2890 eol

216 2914 428 2978 stinaveramus
443 2915 586 2988 mercari,
608 2914 682 2976 nihil
700 2915 737 2978 ad
751 2933 874 2976 manum
889 2924 959 2977 erat.
994 2916 1093 2995 itaque
1114 2933 1152 2976 ne
1167 2914 1286 2976 interim

216 3000 324 3081 praeda
339 2999 584 3080 discederet„vel
598 3000 723 3066 minoris
744 2999 865 3081 pallium
885 3001 987 3063 addice
1006 3019 1022 3062 e
1041 3000 1153 3093 placuit
1174 3008 1204 3060 et
1218 3018 1287 3078 pre·

216 3085 290 3147 tium
304 3085 424 3148 maioris
439 3059 608 3164 conpellari
629 3084 768 3146 leviorem
783 3087 880 3146 lacere
896 3019 1054 3148 iscaurino
1075 3103 1143 3147 cnm
1158 3085 1288 3164 primum

217 3189 287 3249 ergo
302 3170 497 3251 explicuimus
512 3187 657 3243 mercem,
678 3170 785 3232 mulier
800 3167 910 3251 ‘operto
926 3172 1036 3252 capite,
1059 3185 1134 3250 qnae
1152 3187 1220 3231 cum
1236 3187 1288 3230 ru·
1372 3183 1373 3206 ¹

216 3254 291 3317 stioo
305 3265 441 3329 steterat,
462 3255 604 3336 inspectis
624 3255 793 3333 diligentius
815 3256 908 3336 signis
928 3257 1030 3318 iniecit
1043 3265 1200 3334 utramque
1217 3254 1288 3317 laci·
1304 3263 1331 3313 35
1372 3269 1373 3332 1

217 3339 284 3402 niae
299 3357 422 3402 manum
435 3359 602 3422 magnaque
616 3339 826 3403 vociferatione
842 3342 991 3404 ‘latrones'
1003 3336 1130 3428 [tenere]
1143 3341 1286 3402 clamavit.
1372 3385 1373 3426 ,

218 3435 322 3488 contra
338 3444 393 3488 nos
407 3427 589 3506 perturbati,
605 3445 646 3488 ne
658 3426 824 3489 videremur
839 3427 913 3491 nihil
927 3446 1030 3507 agere,
1053 3426 1152 3507 stipsi
1166 3426 1287 3489 scissam

304 3563 320 3614 2
338 3561 489 3612 acoemeto
507 3564 654 3612 contractu.
688 3561 810 3612 Petronii
826 3563 923 3628 opinor
935 3533 1033 3623 'foisse
1055 3559 1158 3614 tunicae
1176 3564 1289 3612 contern-
1372 3605 1373 3610 ,

129 3657 131 3664 ,
218 3628 333 3696 piatione
350 3628 460 3681 iniectae
478 3642 555 3695 super
571 3642 674 3681 umeros
691 3627 780 3680 malici
793 3627 803 3694 11
821 3631 835 3680 'l
854 3629 937 3681 tenuit
950 3627 960 3698 11
978 3631 993 3682 8
1017 3628 1100 3681 adhuc
1123 3642 1170 3679 neo
1187 3627 1288 3680 futurae

219 3703 278 3759 (out
292 3698 412 3764 furtivae)
431 3696 533 3766 quidem
551 3697 671 3750 attulerat
682 3696 691 3764 11
708 3699 738 3750 18
756 3695 838 3749 nollet
850 3697 860 3766 11
875 3700 906 3750 te
922 3699 1022 3750 veniret
1034 3695 1045 3766 11
1057 3698 1091 3749 24
1112 3697 1161 3747 too
1181 3711 1288 3747 carmen

219 3765 284 3817 libri
299 3766 382 3833 paulo
398 3767 522 3832 ruperim
539 3766 708 3818 collommnt
720 3770 784 3832 poet
799 3767 899 3820 veniret
918 3769 948 3819 19
967 3765 977 3833 ΙΙ
996 3767 1030 3818 att
1051 3779 1108 3818 cera
1125 3763 1135 3832 11
1154 3767 1184 3816 tl
1210 3763 1287 3816 verba

219 3833 305 3886 solent
322 3848 406 3886 emere
426 3833 514 3902 011311
532 3832 680 3901 dipondium
699 3833 761 3885 sicel
777 3833 933 3902 lupinosque
951 3833 1044 3900 quibus
1062 3831 1288 3884 destinaveramus.

218 3906 344 3954 corratio
362 3906 501 3967 amputata
513 3901 524 3971 1
537 3905 567 3954 at
587 3903 674 3970 itaque
692 3901 757 3954 tiore·
771 3907 834 3968 post
848 3901 991 3954 discederet
1009 3900 1175 3952 cohaeserunt
1187 3899 1197 3966 1
1210 3901 1242 3952 32
1254 3903 1288 3961 et]

219 3969 315 4038 311133
333 3969 429 4022 iaceret
446 3985 498 4036 quc
516 3975 623 4022 emoto
643 3969 792 4022 Gronovius
808 3969 891 4022 levior
908 3974 935 4020 at
950 3969 1047 4021 iactura
1061 3968 1116 4036 1134
1134 3971 1223 4036 aperto
