2772 4476
223 194 265 256 44
680 197 834 254 Puruouh

223 380 297 450 quot
311 373 431 436 coronis
445 382 475 434 et
489 380 643 453 unguento
665 391 718 453 per
739 373 913 434 lrontrm'in
934 374 1036 434 oculos
1050 373 1161 436 tluentc
1176 329 1297 454 praemi
1318 383 1345 434 11

223 457 268 518 ric
283 457 348 519 loco
370 476 402 520 se
422 458 522 538 posuit
543 458 745 537 continuoque
766 457 867 520 vinum
887 465 917 520 et
937 459 1049 520 caldam
1067 460 1213 539 poposcit
1244 461 1297 524 de·

222 543 347 604 lectatns
366 543 422 605 hac
443 543 621 605 Trimalchio
641 543 786 604 hilaritate
811 552 840 605 et
861 543 925 624 ipse
949 543 1133 623 capaciorem
1159 547 1300 624 poposcit

222 629 366 708 scyphum
388 629 604 709 quaesivitque,
627 630 775 708 quomodo
790 639 928 708 acceptus
944 641 1030 690 esset.
1060 629 1178 690 ‘omnia'
1199 631 1300 710 inquit

224 713 389 776 ‘habuimus
411 723 528 793 praeter
546 721 592 790 te;
614 714 692 776 oculi
708 714 786 776 enim
802 714 861 775 mei
874 715 922 776 bic
938 723 1030 776 erant.
1067 723 1094 776 et
1110 715 1298 778 mehercules
1321 729 1336 778 5

223 799 301 860 bene
315 799 379 860 luit.
411 799 506 861 Scissa
527 799 638 860 lautum
660 799 834 862 novendiale
857 817 942 860 servo
963 817 1017 861 suo
1033 800 1146 862 misello
1161 801 1299 876 iaciebat,

224 901 312 963 quem
329 893 481 946 mortuum
495 900 586 946 manu
600 885 728 948 miserat.
757 894 787 946 et
801 893 889 964 puto,
906 901 976 950 cnm
989 884 1201 948 vicensimariis
1215 905 1300 967 mag·

224 987 293 1030 nam
318 970 489 1031 mantissam
511 969 600 1030 babet
607 985 616 1046 ;
642 969 857 1050 quinquaginta
882 970 961 1032 enim
987 969 1116 1032 millibus
1142 971 1302 1034 aestimant

224 1061 383 1115 mortuum.
418 1056 468 1116 sed
491 1062 590 1116 tamen
611 1055 739 1118 suaviter
764 1054 833 1128 luit,
860 1056 947 1116 etiam
969 1054 993 1117 si
1014 1055 1108 1116 coacti
1129 1075 1232 1118 snmus
1253 1058 1299 1118 di-

165 1136 205 1198 66
224 1138 326 1200 midias
347 1140 485 1218 potiones
505 1158 597 1219 super
619 1141 753 1202 ossucula
772 1140 836 1201 eins
857 1141 1029 1202 effundere!
1059 1141 1178 1202 ‘tamen'
1201 1141 1301 1220 inquit
1322 1155 1348 1204 1ο

224 1222 401 1286 Trimalchio
417 1225 497 1304 ‘quid
517 1225 661 1287 habuistis
679 1225 710 1286 in
727 1223 832 1286 oena‘l’
863 1225 974 1286 ‘dicam’
991 1225 1088 1304 inquit
1104 1226 1137 1287 ‘si
1152 1234 1299 1305 potuer03

224 1327 291 1370 nam
308 1318 367 1370 tam
382 1310 479 1370 bonae
493 1309 652 1372 memoriae
667 1329 748 1383 sum,
769 1319 802 1370 ut
817 1311 991 1390 frequenter
1006 1329 1115 1372 nomen
1128 1330 1228 1373 meum
1244 1313 1300 1373 ob-

223 1392 347 1456 liviscar.
377 1396 532 1456 habuimus
552 1404 652 1457 tamen
673 1397 704 1456 in
726 1395 821 1474 primo
843 1415 968 1475 porcum
992 1396 1099 1476 poculo
1121 1405 1299 1459 coronatum

123 1487 127 1501 '
224 1487 254 1540 et
275 1478 354 1540 circa
373 1481 576 1542 saviunculum
598 1489 629 1541 et
650 1481 756 1560 gizeria
777 1481 889 1560 optime
909 1481 985 1542 lacta
1007 1490 1038 1542 et
1059 1490 1138 1542 certe
1154 1481 1253 1543 betam
1269 1492 1300 1544 ct

223 1583 329 1643 panem
346 1573 524 1646 autopyrum
545 1567 580 1628 de
595 1585 650 1627 suo
665 1566 735 1639 sibi,
751 1584 839 1645 quern
855 1585 910 1646 ego
925 1567 1003 1628 malo
1019 1585 1107 1645 quam
1122 1567 1298 1644 candidnm3
1321 1581 1345 1630 15

223 1657 252 1710 et
266 1649 343 1714 vires
357 1651 441 1726 lacit,
462 1660 573 1714 etcum
588 1670 700 1713 meare
717 1647 827 1735 [causa]
844 1652 935 1726 facio,
959 1671 1020 1714 non
1044 1653 1139 1731 ploro.
1169 1671 1300 1731 sequens

222 1735 368 1797 ferculum
389 1737 444 1796 luit
462 1737 594 1799 scriblita
614 1737 719 1816 frigida
735 1745 765 1800 et
784 1755 875 1816 super
895 1737 954 1798 mel
968 1737 1084 1798 caldum
1098 1737 1231 1798 inlusum
1247 1757 1299 1800 ex·

223 1821 347 1882 cellente
366 1821 541 1900 Hispanum.
581 1823 679 1900 itaque
705 1823 742 1884 de
761 1822 891 1884 scriblita
917 1823 1035 1901 quidem
1058 1841 1119 1884 uon
1141 1823 1299 1885 minimum

224 1905 282 1978 edi,
297 1906 333 1966 de
347 1906 434 1968 melle
448 1925 495 1967 me
511 1925 605 1985 usque
620 1907 712 1985 tetigi.
743 1906 822 1968 cirea
836 1907 916 1968 cicer
931 1916 960 1968 et
975 1907 1120 1986 lupinum,
1137 1908 1235 1970 calvae
1250 1927 1300 1968 ar-

178 2000 180 2004 ·
223 1990 334 2052 bitratu
349 1999 378 2050 et
392 1991 466 2052 mala
482 1991 607 2071 singula.
638 2007 693 2068 ego
716 2000 813 2052 tamen
836 1991 895 2052 duo
910 1993 1016 2054 sustuli
1038 2001 1068 2053 ct
1083 2011 1152 2054 ecce
1168 1993 1199 2054 in
1215 2013 1299 2074 map—
1319 2005 1345 2056 tt

223 2093 262 2154 pa
276 2075 391 2153 alligata
406 2075 516 2152 habeo;
540 2077 647 2138 namsi
663 2077 773 2156 aliquid
787 2076 921 2138 muneris
935 2096 1002 2139 meo
1017 2079 1157 2140 vernulae
1169 2097 1232 2140 non
1249 2088 1299 2140 tu·

224 2161 303 2235 lero,
326 2160 442 2222 habebo
465 2161 640 2223 convicium.
677 2161 755 2223 bene
784 2180 831 2223 me
853 2163 992 2223 admouet
1014 2163 1133 2224 domina
1153 2182 1228 2224 mea.
1266 2165 1299 2226 in

224 2254 384 2325 prospectu
406 2246 564 2309 habuimus
587 2247 704 2309 ursinae
726 2248 868 2321 frustum,
892 2249 929 2309 de
951 2266 1011 2327 qno
1033 2267 1102 2310 cum
1124 2249 1300 2328 imprudens

223 2331 356 2394 Scintilla
370 2341 530 2412 gustasset,
553 2348 648 2414 paene
663 2333 801 2394 intestina
817 2351 869 2396 sua
883 2333 1004 2397 vomuit.
1042 2351 1097 2413 ego
1113 2341 1216 2395 eontra
1233 2335 1301 2414 plus

223 2415 329 2478 libram
343 2418 473 2493 comedi,
496 2437 565 2479 nam
580 2419 678 2498 ipsum
693 2437 798 2498 aprum
812 2419 950 2498 sapiebat.
982 2420 1064 2492 etsi,
1086 2419 1225 2497 inquam,
1249 2438 1301 2481 ur·
1320 2430 1346 2480 n

223 2521 273 2566 sus
287 2502 520 2564 homuncionem
534 2513 661 2577 comest,
685 2512 797 2581 quanto
811 2504 903 2582 magis
917 2503 1079 2566 homuncio
1094 2505 1182 2565 debet
1197 2523 1301 2566 ursum

225 2585 377 2648 comesse?
400 2587 431 2648 in
454 2606 570 2648 summo
592 2587 749 2650 habuimus
772 2607 890 2650 caseum
911 2589 1030 2651 mollem
1054 2609 1090 2650 ex
1111 2609 1181 2669 sapa
1203 2598 1233 2651 et
1248 2610 1300 2652 co·

225 2672 302 2733 cleas
328 2671 459 2750 singulas
482 2680 512 2732 et
526 2673 634 2734 cordae
654 2674 748 2734 frusta
769 2682 798 2734 et
819 2673 935 2753 hepatia
956 2673 988 2735 in
1011 2674 1115 2736 catilhs
1131 2684 1160 2734 et
1175 2694 1229 2736 ova
1243 2675 1300 2754 pil-

222 2756 299 2816 leata
314 2764 343 2816 et
357 2774 459 2835 rapam
474 2765 504 2817 et
517 2774 628 2837 senape
644 2766 673 2818 et
687 2757 817 2820 catillum
831 2767 1033 2832 concacatum,
1048 2777 1104 2839 pax
1119 2759 1299 2823 Palamedes.

224 2840 312 2902 etiam
326 2841 357 2900 iu
378 2840 460 2902 alveo
481 2842 652 2904 circumlata
666 2851 736 2904 sunt
757 2844 945 2923 oxyccmiua,
968 2845 1047 2906 unde
1071 2844 1191 2922 quidam
1212 2846 1301 2908 etiam
1320 2856 1346 2906 aa

223 2925 358 3004 improbe
373 2934 476 2990 ternos
492 2946 609 3007 pugnos
624 2927 817 2990 sustulerunt.
850 2948 917 2990 nam
937 2947 1046 3010 pernae
1060 2929 1233 2992 missionem
1247 2933 1299 2992 de-

97 3028 100 3034 ·
165 3003 206 3068 6⁷
223 3011 328 3072 dimus.
358 3011 410 3074 sed
426 3030 514 3073 narra
536 3013 623 3087 mibi,
639 3013 700 3085 Gai,
716 3032 806 3092 rogo,
819 3015 981 3077 Fortunata
996 3033 1087 3092 quare
1103 3033 1165 3076 uon
1180 3034 1299 3080 recum-

223 3095 299 3158 bitl'
328 3097 487 3176 ‘quomodo
509 3098 597 3160 nosti’
617 3098 715 3177 inquil
736 3099 832 3160 ‘illam’
854 3099 1032 3162 Trimalchio
1053 3099 1121 3162 ‘nisi
1143 3109 1299 3180 argentum

220 3183 440 3262 composuerit,
462 3183 520 3246 nisi
540 3182 679 3262 reliquias
700 3185 802 3262 pneris
823 3184 970 3258 diviserit,
992 3185 1144 3264 aquamin
1163 3205 1300 3248 ossuum

225 3285 286 3328 non
308 3267 456 3329 coniciet.’
492 3268 591 3348 ‘atqui’
611 3269 769 3347 ‚respondit
791 3268 944 3332 Habinnas
970 3269 1038 3332 ‘nisi
1063 3270 1112 3330 illa
1133 3270 1300 3346 discumbit,
1319 3281 1344 3330 31

225 3369 280 3430 ego
295 3370 343 3412 me
358 3353 493 3431 apoculo’
515 3364 544 3415 et
559 3360 697 3433 coeperat
711 3373 849 3433 surgere,
872 3355 930 3418 nisi
951 3355 1037 3434 siguo
1052 3355 1119 3416 dato
1136 3355 1299 3418 Fortunata

225 3444 329 3516 quater
350 3437 477 3517 amplius
497 3457 514 3498 a
534 3448 596 3500 tota
611 3438 718 3500 familia
738 3448 816 3502 esset
838 3450 947 3502 vocata.
980 3440 1061 3502 venit
1083 3457 1155 3520 ergo
1178 3442 1298 3520 galbino

224 3521 376 3586 succincta
391 3523 527 3600 cingilla,
549 3523 589 3585 ita
612 3533 645 3586 ut
665 3523 742 3586 infra
763 3525 895 3588 cerasina
915 3534 1070 3606 appareret
1084 3526 1184 3588 tunica
1200 3536 1231 3589 et
1246 3546 1299 3607 pe·

223 3607 374 3670 riscelides
396 3615 491 3669 tortae
512 3608 743 3689 phaecasiaeque
764 3609 925 3673 inauratae.
959 3620 1032 3674 tunc
1047 3611 1171 3690 ,sudario
1193 3630 1300 3676 manns

309 3825 445 3879 blancum
462 3825 641 3880 novendialem
658 3825 667 3896 11
688 3831 718 3882 ta
735 3827 825 3882 botulo
841 3829 894 3884 Ino.
909 3828 1061 3881 Gronovius
1075 3827 1085 3895 11
1107 3832 1138 3884 14
1155 3845 1288 3883 sancuucn

224 3892 277 4015 iiim
292 3891 426 4028 'pffigm
438 3899 465 3947 et
477 3894 543 3947 circa
554 3891 564 3964 11
584 3898 614 3947 16
627 3895 699 3948 vices
710 3894 720 3964 11
736 3899 767 3950 27
781 3900 807 3948 et
819 3911 881 3963 sape
892 3895 903 3964 11
918 3901 948 3949 31
964 3897 1113 3963 improbiter
1129 3912 1177 3951 nos
1189 3911 1278 3966 pugno
1290 3897 1300 3967 1

277 3976 289 4013 a
343 3976 357 4013 a
