2780 4480
222 167 282 228 106
679 165 833 222 rurscam

219 343 370 422 amplecti:
393 343 516 404 forsitan
539 342 650 404 rediret
670 342 728 403 hoc
750 357 860 420 corpus
881 342 917 403 ad
938 341 1015 405 vires
1037 349 1068 403 et
1082 343 1331 423 resipiscereutu

218 436 317 508 partes
330 429 489 503 ueneficio,
512 428 618 501 uredo,
641 427 763 506 sopitae.
801 444 857 488 neo
879 444 927 487 me
949 427 1146 489 contumeliae
1168 428 1297 493 lassant:

220 514 297 592 quod
320 513 491 575 verberatus
511 529 592 587 sum,
616 511 734 588 nescio;
757 512 837 590 quod
856 512 967 574 eiectus
989 529 1073 586 sum,
1096 513 1195 575 lusum
1211 525 1297 595 puto.

218 599 306 659 modo
323 599 420 660 redire
434 599 465 659 in
483 599 605 677 gratiam
620 596 715 658 liceat'

654 709 656 718 ¹
747 701 764 740 dt

140 767 200 829 139
303 778 402 830 torum
417 767 567 846 frequenti
583 766 757 829 tractatione
772 765 885 840 vexari,
901 765 1010 828 amoris
1025 766 1083 828 mei
1099 768 1183 846 quasi
1201 787 1297 848 quan·
1316 782 1328 830 t

218 848 283 914 dam
299 853 456 933 imaginem

604 990 606 993 ,
746 957 763 996 *

381 1027 453 1084 ‘non
467 1021 563 1086 solum
579 1039 626 1085 me
643 1039 754 1084 numen
770 1028 800 1081 et
813 1019 997 1100 implacabile
1012 1021 1104 1084 fatum

392 1107 590 1186 persequitur.
619 1106 703 1187 prius
717 1105 836 1166 lnachia
850 1105 1022 1186 Tiryntlu'us
1037 1123 1090 1168 ora

393 1192 555 1271 exagitatus
570 1211 647 1254 onus
662 1191 734 1252 caeli
749 1190 825 1264 tulit,
841 1198 910 1251 ante
925 1191 1080 1270 profanam

392 1277 563 1338 Laomedon
579 1277 688 1356 gemini
703 1275 816 1338 satiavit
831 1275 963 1338 numinis
977 1275 1061 1348 iram,

392 1361 538 1423 lunonem
554 1363 647 1424 Pehas
662 1360 764 1434 sensit,
778 1361 845 1422 tulit
860 1360 972 1422 inscius
986 1378 1067 1420 arma

391 1446 539 1526 Telephus
556 1457 586 1509 et
600 1465 728 1526 regnum
743 1445 875 1526 Neptuni
889 1445 968 1526 pavit
982 1445 1088 1508 Vlixes.

391 1550 438 1594 me
454 1551 574 1612 quoque
588 1551 643 1615 per
657 1541 761 1607 terras,
776 1549 831 1611 per
846 1531 912 1592 cani
927 1530 1039 1592 Nereos
1054 1547 1166 1610 aequor

393 1615 623 1698 Hellespontiaci
639 1617 773 1697 sequitur
788 1615 882 1695 gravis
897 1615 940 1678 ira
954 1613 1063 1695 Priapi'

748 1721 764 1760 a

303 1803 445 1864 quaerere
468 1786 605 1854 aGitone
627 1806 694 1848 meo
719 1786 821 1867 coepi,
846 1803 918 1846 num
940 1785 1046 1864 aliquis
1059 1802 1107 1846 me
1123 1784 1292 1864 quaesisset
1311 1795 1331 1849 la

218 1869 326 1929 ‘neruo’
339 1869 435 1949 inquit
452 1871 558 1932 ‘hodie
585 1872 636 1933 sed
651 1872 793 1933 hesterno
808 1870 855 1932 die
870 1871 977 1932 mulier
992 1870 1135 1949 quaedam
1150 1871 1229 1932 haud
1244 1871 1289 1931 in-

219 1953 296 2014 culta
318 1953 436 2016 ianuam
458 1956 593 2030 intrarit,
618 1974 746 2035 cumque
768 1956 818 2018 diu
841 1973 957 2016 mecum
979 1963 1059 2018 esset
1078 1955 1177 2026 locuta
1200 1963 1231 2016 et
1244 1973 1289 2016 me

218 2039 361 2100 accersito
376 2057 514 2101 sermone
530 2041 679 2115 lassasset,
697 2041 800 2102 ultimo
817 2039 915 2120 coepit
929 2039 1043 2116 dicere,
1060 2049 1089 2102 te
1105 2059 1214 2102 noxam
1229 2059 1288 2102 me·

218 2121 312 2185 ruisse
328 2123 524 2205 daturumque
539 2125 658 2188 serviles
672 2145 799 2206 poenas,
822 2125 847 2188 si
869 2126 966 2188 laesus
988 2126 1018 2188 in
1043 2123 1174 2204 querella
1188 2145 1288 2206 perse-

216 2209 354 2271 verasset'
1307 2221 1329 2272 rt

744 2297 762 2334 ff

303 2380 438 2442 noudum
460 2382 622 2462 querellam
643 2381 794 2456 finieram,
816 2397 883 2441 cum
905 2377 1024 2459 Chrysis
1045 2377 1207 2461 intervenit
1228 2398 1289 2442 am-

217 2463 365 2543 plexuque
381 2467 558 2530 effusissimo
572 2485 621 2528 me
635 2467 742 2528 invasit
756 2473 785 2526 et
801 2469 898 2526 ‘teneo
914 2463 952 2526 te'
968 2463 1065 2544 inquit
1080 2465 1208 2544 ‘qualem
1224 2482 1289 2546 spe·

216 2565 360 2610 raveram:
377 2559 409 2611 tu
424 2551 601 2613 desiderium
616 2569 729 2622 meum,
745 2557 776 2610 tu
792 2549 925 2629 voluptas
940 2567 1020 2625 mea,
1037 2567 1191 2629 nunquam
1206 2550 1291 2612 finies
1372 2613 1373 2616 ,

216 2632 297 2694 hunc
313 2634 421 2714 ignem,
439 2637 495 2698 nisi
510 2636 654 2716 sauguine
670 2633 839 2710 extinxeris’

744 2739 761 2778 t

301 2821 380 2864 unus
401 2819 436 2864 ex
458 2803 581 2866 noviciis
602 2803 724 2866 servolis
745 2802 843 2866 subito
860 2804 988 2866 accurrit
1007 2803 1123 2866 etmihi
1138 2803 1333 2869 dominamus

217 2887 406 2948 iratissimum
428 2907 493 2950 esse
514 2889 682 2964 affirmavit,
705 2888 783 2968 quod
805 2888 896 2950 hiduo
917 2887 974 2952 iam
1001 2889 1098 2950 olllcio
1122 2889 1289 2952 delhissem.

218 2980 299 3033 recte
314 2990 386 3051 ergo
401 2991 448 3035 me
463 2975 620 3049 lecturum,
636 2973 661 3037 si
676 2974 895 3038 excusationem
910 2974 1036 3054 aliquam
1052 2973 1190 3036 idoneam
1205 2993 1290 3054 prae·

215 3074 375 3138 parassem.
403 3059 449 3122 rix
465 3060 546 3122 enhn
560 3078 647 3140 posse
662 3060 742 3136 lieri,
758 3070 793 3124 ut
806 3059 903 3122 rabies
919 3059 1074 3124 irascentis
1088 3058 1152 3122 sine
1167 3058 1290 3122 verbere

215 3143 385 3207 consideret

249 3276 251 3287 ·
516 3261 518 3268 ’
743 3249 762 3288 *

139 3315 198 3377 140
301 3313 792 3394 matronainterprimaehonesta,
804 3313 964 3376 Philomela
976 3314 1110 3388 nomine,
1126 3312 1290 3392 quaemul-
1309 3324 1332 3376 at

215 3404 260 3460 tas
273 3417 363 3479 saepe
376 3399 555 3462 hereditates
569 3399 668 3462 officio
682 3399 786 3462 aetatis
798 3406 979 3474 extorserat,
998 3408 1061 3462 tum
1076 3417 1151 3462 anus
1165 3397 1290 3462 etalloris

215 3483 353 3560 extincti,
375 3484 470 3546 filium
491 3484 639 3563 filiamque
662 3483 816 3563 ingerebat
838 3484 919 3548 orbis
933 3485 1071 3561 senibus,
1093 3492 1123 3545 et
1144 3485 1290 3564 perhanc

214 3570 433 3633 successionem
455 3577 549 3630 artem
570 3586 653 3632 suam
674 3568 880 3649 perseverabat
901 3571 1070 3633 extendere.
1105 3586 1139 3631 ea
1161 3588 1234 3650 ergo
1256 3567 1290 3628 ad

302 3789 314 3838 1
334 3785 518 3840 reviviscerent
534 3785 656 3837 Batauus
675 3787 774 3853 obque}
820 3787 992 3840 electatione
1009 3785 1255 3852 longemanum!
1274 3787 1288 3840 8

214 3849 273 3919 irall
295 3855 325 3904 10
349 3854 474 3905 inlibris
498 3855 599 3918 tostae
612 3859 675 3919 pact
693 3855 721 3906 ll
741 3853 751 3922 l
771 3859 782 3907 1
820 3855 889 3907 cavit
907 3853 1098 3917 senapariam
1116 3852 1127 3919 ll
1144 3855 1174 3906 tt
1198 3858 1290 3920 patrias

215 3933 392 3987 praepararem
406 3919 460 3986 l3⁰
478 3919 628 3972 Philemona
646 3921 859 3991 Scaligaranual
872 3923 900 3974 31
924 3924 1008 3972 tamen
1027 3934 1091 3971 anus
1150 3947 1152 3957 ι

662 4010 887 4184 s·
