<?xml version="1.0" encoding="UTF-8"?>
<!DOCTYPE html PUBLIC "-//W3C//DTD XHTML 1.0 Transitional//EN"
    "http://www.w3.org/TR/xhtml1/DTD/xhtml1-transitional.dtd">
<html xmlns="http://www.w3.org/1999/xhtml" xml:lang="en" lang="en">
 <head>
  <title>
</title>
<meta http-equiv="Content-Type" content="text/html;charset=utf-8" />
  <meta name='ocr-system' content='tesseract 3.04.00' />
  <meta name='ocr-capabilities' content='ocr_page ocr_carea ocr_par ocr_line ocrx_word'/>
</head>
<body>
  <div class='ocr_page' id='page_1' title='image "./satiraeetliberp00arbigoog_0055.png"; bbox 0 0 2772 4476; ppageno 0'>
   <div class='ocr_carea' id='block_1_1' title="bbox 211 176 830 258">
    <p class='ocr_par' dir='ltr' id='par_1_1' title="bbox 211 176 830 258">
     <span class='ocr_line' id='line_1_1' title="bbox 211 176 830 258; baseline -0.011 -20"><span class='ocrx_word' id='word_1_1' title='bbox 211 176 256 258; x_wconf 60' lang='lat'><strong>518</strong></span> <span class='ocrx_word' id='word_1_2' title='bbox 676 178 830 234; x_wconf 84' lang='lat' dir='ltr'><strong>rnrnouu</strong></span> 
     </span>
    </p>
   </div>
   <div class='ocr_carea' id='block_1_2' title="bbox 102 353 1345 3760">
    <p class='ocr_par' dir='ltr' id='par_1_2' title="bbox 211 353 1345 1373">
     <span class='ocr_line' id='line_1_2' title="bbox 211 353 1342 434; baseline 0.001 -18"><span class='ocrx_word' id='word_1_3' title='bbox 211 353 388 416; x_wconf 76' lang='lat' dir='ltr'><strong>carissime?</strong></span> <span class='ocrx_word' id='word_1_4' title='bbox 425 355 561 416; x_wconf 81' lang='lat' dir='ltr'><strong>aedificas</strong></span> <span class='ocrx_word' id='word_1_5' title='bbox 589 363 815 417; x_wconf 91' lang='lat' dir='ltr'><strong>monumentum</strong></span> <span class='ocrx_word' id='word_1_6' title='bbox 844 373 960 428; x_wconf 81' lang='lat' dir='ltr'><strong>meum,</strong></span> <span class='ocrx_word' id='word_1_7' title='bbox 981 357 1237 434; x_wconf 76' lang='lat' dir='ltr'><strong>&#39;quemadmodum</strong></span> <span class='ocrx_word' id='word_1_8' title='bbox 1260 366 1293 420; x_wconf 87' lang='lat' dir='ltr'><strong>te</strong></span> <span class='ocrx_word' id='word_1_9' title='bbox 1315 367 1342 417; x_wconf 78' lang='grc' dir='ltr'><em>Η</em></span> 
     </span>
     <span class='ocr_line' id='line_1_3' title="bbox 211 437 1292 521; baseline 0.002 -18"><span class='ocrx_word' id='word_1_10' title='bbox 211 437 309 503; x_wconf 83' lang='lat' dir='ltr'><strong>iussi?</strong></span> <span class='ocrx_word' id='word_1_11' title='bbox 337 439 419 504; x_wconf 87' lang='lat' dir='ltr'><strong>valde</strong></span> <span class='ocrx_word' id='word_1_12' title='bbox 434 450 463 501; x_wconf 89' lang='lat' dir='ltr'><strong>te</strong></span> <span class='ocrx_word' id='word_1_13' title='bbox 478 458 569 519; x_wconf 84' lang='lat' dir='ltr'><strong>rogo,</strong></span> <span class='ocrx_word' id='word_1_14' title='bbox 591 449 623 501; x_wconf 90' lang='lat' dir='ltr'><strong>nt</strong></span> <span class='ocrx_word' id='word_1_15' title='bbox 646 440 811 502; x_wconf 89' lang='lat' dir='ltr'><strong>secundum</strong></span> <span class='ocrx_word' id='word_1_16' title='bbox 826 439 916 521; x_wconf 88' lang='lat' dir='ltr'><strong>pedes</strong></span> <span class='ocrx_word' id='word_1_17' title='bbox 930 448 1043 502; x_wconf 78' lang='lat' dir='ltr'><strong>statuae</strong></span> <span class='ocrx_word' id='word_1_18' title='bbox 1058 460 1141 503; x_wconf 83' lang='lat' dir='ltr'><strong>meae</strong></span> <span class='ocrx_word' id='word_1_19' title='bbox 1156 443 1292 506; x_wconf 85' lang='lat' dir='ltr'><strong>catellam</strong></span> 
     </span>
     <span class='ocr_line' id='line_1_4' title="bbox 216 526 1294 608; baseline 0.004 -22"><span class='ocrx_word' id='word_1_20' title='bbox 216 543 312 606; x_wconf 90' lang='lat' dir='ltr'><strong>ponas</strong></span> <span class='ocrx_word' id='word_1_21' title='bbox 333 534 363 587; x_wconf 88' lang='lat' dir='ltr'><strong>et</strong></span> <span class='ocrx_word' id='word_1_22' title='bbox 384 543 511 588; x_wconf 90' lang='lat' dir='ltr'><strong>coronas</strong></span> <span class='ocrx_word' id='word_1_23' title='bbox 532 534 561 587; x_wconf 91' lang='lat' dir='ltr'><strong>et</strong></span> <span class='ocrx_word' id='word_1_24' title='bbox 582 533 735 605; x_wconf 85' lang='lat' dir='ltr'><strong>unguenta</strong></span> <span class='ocrx_word' id='word_1_25' title='bbox 757 534 788 586; x_wconf 89' lang='lat' dir='ltr'><strong>et</strong></span> <span class='ocrx_word' id='word_1_26' title='bbox 809 526 943 588; x_wconf 74' lang='lat' dir='ltr'><strong>Petraitis</strong></span> <span class='ocrx_word' id='word_1_27' title='bbox 973 545 1077 589; x_wconf 90' lang='lat' dir='ltr'><strong>omnes</strong></span> <span class='ocrx_word' id='word_1_28' title='bbox 1098 546 1229 608; x_wconf 75' lang='lat' dir='ltr'><strong>pugnae,</strong></span> <span class='ocrx_word' id='word_1_29' title='bbox 1260 537 1294 590; x_wconf 90' lang='lat' dir='ltr'><strong>ut</strong></span> 
     </span>
     <span class='ocr_line' id='line_1_5' title="bbox 217 609 1294 691; baseline 0.004 -19"><span class='ocrx_word' id='word_1_30' title='bbox 217 611 288 672; x_wconf 89' lang='lat' dir='ltr'><strong>milti</strong></span> <span class='ocrx_word' id='word_1_31' title='bbox 311 611 465 691; x_wconf 85' lang='lat' dir='ltr'><strong>contingat</strong></span> <span class='ocrx_word' id='word_1_32' title='bbox 486 618 537 672; x_wconf 87' lang='lat' dir='ltr'><strong>tuo</strong></span> <span class='ocrx_word' id='word_1_33' title='bbox 560 609 705 673; x_wconf 89' lang='lat' dir='ltr'><strong>henelloio</strong></span> <span class='ocrx_word' id='word_1_34' title='bbox 725 619 931 690; x_wconf 88' lang='lat' dir='ltr'><strong>postmortem</strong></span> <span class='ocrx_word' id='word_1_35' title='bbox 954 611 1067 688; x_wconf 82' lang='lat' dir='ltr'><strong>vivere3</strong></span> <span class='ocrx_word' id='word_1_36' title='bbox 1090 621 1243 691; x_wconf 89' lang='lat' dir='ltr'><strong>praeterea</strong></span> <span class='ocrx_word' id='word_1_37' title='bbox 1260 621 1294 676; x_wconf 90' lang='lat' dir='ltr'><strong>nt</strong></span> 
     </span>
     <span class='ocr_line' id='line_1_6' title="bbox 215 695 1333 778; baseline 0.004 -20"><span class='ocrx_word' id='word_1_38' title='bbox 215 695 324 758; x_wconf 81' lang='lat' dir='ltr'><strong>sintin</strong></span> <span class='ocrx_word' id='word_1_39' title='bbox 340 697 439 757; x_wconf 83' lang='lat' dir='ltr'><strong>fronte</strong></span> <span class='ocrx_word' id='word_1_40' title='bbox 454 697 544 777; x_wconf 85' lang='lat' dir='ltr'><strong>pedes</strong></span> <span class='ocrx_word' id='word_1_41' title='bbox 560 705 689 770; x_wconf 88' lang='lat' dir='ltr'><strong>centum,</strong></span> <span class='ocrx_word' id='word_1_42' title='bbox 705 697 736 757; x_wconf 93' lang='lat' dir='ltr'><strong>in</strong></span> <span class='ocrx_word' id='word_1_43' title='bbox 753 715 856 775; x_wconf 81' lang='lat' dir='ltr'><strong>agrum</strong></span> <span class='ocrx_word' id='word_1_44' title='bbox 873 696 963 775; x_wconf 88' lang='lat' dir='ltr'><strong>pedes</strong></span> <span class='ocrx_word' id='word_1_45' title='bbox 977 697 1108 758; x_wconf 85' lang='lat' dir='ltr'><strong>ducenti.</strong></span> <span class='ocrx_word' id='word_1_46' title='bbox 1134 717 1225 759; x_wconf 90' lang='lat' dir='ltr'><strong>omne</strong></span> <span class='ocrx_word' id='word_1_47' title='bbox 1239 717 1293 778; x_wconf 82' lang='lat' dir='ltr'><strong>ge·</strong></span> <span class='ocrx_word' id='word_1_48' title='bbox 1318 713 1333 762; x_wconf 80' lang='lat' dir='ltr'><strong>tt</strong></span> 
     </span>
     <span class='ocr_line' id='line_1_7' title="bbox 218 781 1292 864; baseline 0.004 -22"><span class='ocrx_word' id='word_1_49' title='bbox 218 799 276 842; x_wconf 88' lang='lat' dir='ltr'><strong>nus</strong></span> <span class='ocrx_word' id='word_1_50' title='bbox 290 781 369 842; x_wconf 88' lang='lat' dir='ltr'><strong>enim</strong></span> <span class='ocrx_word' id='word_1_51' title='bbox 382 799 469 860; x_wconf 90' lang='lat' dir='ltr'><strong>poma</strong></span> <span class='ocrx_word' id='word_1_52' title='bbox 481 782 546 843; x_wconf 86' lang='lat' dir='ltr'><strong>volo</strong></span> <span class='ocrx_word' id='word_1_53' title='bbox 558 783 619 844; x_wconf 92' lang='lat' dir='ltr'><strong>sint</strong></span> <span class='ocrx_word' id='word_1_54' title='bbox 629 782 707 843; x_wconf 92' lang='lat' dir='ltr'><strong>circa</strong></span> <span class='ocrx_word' id='word_1_55' title='bbox 718 781 834 843; x_wconf 88' lang='lat' dir='ltr'><strong>cineres</strong></span> <span class='ocrx_word' id='word_1_56' title='bbox 845 799 936 855; x_wconf 84' lang='lat' dir='ltr'><strong>meos,</strong></span> <span class='ocrx_word' id='word_1_57' title='bbox 950 790 980 842; x_wconf 88' lang='lat' dir='ltr'><strong>et</strong></span> <span class='ocrx_word' id='word_1_58' title='bbox 993 782 1147 845; x_wconf 88' lang='lat' dir='ltr'><strong>vinearum</strong></span> <span class='ocrx_word' id='word_1_59' title='bbox 1162 784 1292 864; x_wconf 80' lang='lat' dir='ltr'><strong>largiter.</strong></span> 
     </span>
     <span class='ocr_line' id='line_1_8' title="bbox 217 866 1295 947; baseline 0.006 -21"><span class='ocrx_word' id='word_1_60' title='bbox 217 867 300 928; x_wconf 87' lang='lat' dir='ltr'><strong>valde</strong></span> <span class='ocrx_word' id='word_1_61' title='bbox 323 866 401 928; x_wconf 90' lang='lat' dir='ltr'><strong>enim</strong></span> <span class='ocrx_word' id='word_1_62' title='bbox 425 867 530 928; x_wconf 88' lang='lat' dir='ltr'><strong>salsum</strong></span> <span class='ocrx_word' id='word_1_63' title='bbox 553 875 598 928; x_wconf 88' lang='lat' dir='ltr'><strong>est</strong></span> <span class='ocrx_word' id='word_1_64' title='bbox 611 867 675 928; x_wconf 90' lang='lat' dir='ltr'><strong>vivo</strong></span> <span class='ocrx_word' id='word_1_65' title='bbox 691 866 810 947; x_wconf 89' lang='lat' dir='ltr'><strong>quidem</strong></span> <span class='ocrx_word' id='word_1_66' title='bbox 832 867 936 928; x_wconf 87' lang='lat' dir='ltr'><strong>domos</strong></span> <span class='ocrx_word' id='word_1_67' title='bbox 951 867 1043 928; x_wconf 87' lang='lat' dir='ltr'><strong>cultas</strong></span> <span class='ocrx_word' id='word_1_68' title='bbox 1058 887 1137 943; x_wconf 85' lang='lat' dir='ltr'><strong>esse,</strong></span> <span class='ocrx_word' id='word_1_69' title='bbox 1161 888 1223 930; x_wconf 90' lang='lat' dir='ltr'><strong>non</strong></span> <span class='ocrx_word' id='word_1_70' title='bbox 1240 887 1295 932; x_wconf 92' lang='lat' dir='ltr'><strong>cu·</strong></span> 
     </span>
     <span class='ocr_line' id='line_1_9' title="bbox 216 951 1297 1025; baseline 0.004 -13"><span class='ocrx_word' id='word_1_71' title='bbox 216 951 277 1012; x_wconf 82' lang='lat' dir='ltr'><strong>rari</strong></span> <span class='ocrx_word' id='word_1_72' title='bbox 293 970 358 1025; x_wconf 85' lang='lat' dir='ltr'><strong>eas,</strong></span> <span class='ocrx_word' id='word_1_73' title='bbox 381 951 431 1013; x_wconf 88' lang='lat' dir='ltr'><strong>ubi</strong></span> <span class='ocrx_word' id='word_1_74' title='bbox 453 952 563 1014; x_wconf 86' lang='lat' dir='ltr'><strong>diutius</strong></span> <span class='ocrx_word' id='word_1_75' title='bbox 584 953 671 1014; x_wconf 92' lang='lat' dir='ltr'><strong>nohis</strong></span> <span class='ocrx_word' id='word_1_76' title='bbox 695 952 886 1014; x_wconf 87' lang='lat' dir='ltr'><strong>habitandum</strong></span> <span class='ocrx_word' id='word_1_77' title='bbox 901 959 954 1013; x_wconf 89' lang='lat' dir='ltr'><strong>est.</strong></span> <span class='ocrx_word' id='word_1_78' title='bbox 985 962 1014 1014; x_wconf 92' lang='lat' dir='ltr'><strong>et</strong></span> <span class='ocrx_word' id='word_1_79' title='bbox 1028 953 1094 1014; x_wconf 90' lang='lat' dir='ltr'><strong>ideo</strong></span> <span class='ocrx_word' id='word_1_80' title='bbox 1110 961 1178 1015; x_wconf 90' lang='lat' dir='ltr'><strong>ante</strong></span> <span class='ocrx_word' id='word_1_81' title='bbox 1193 955 1297 1016; x_wconf 90' lang='lat' dir='ltr'><strong>omnia</strong></span> 
     </span>
     <span class='ocr_line' id='line_1_10' title="bbox 217 1035 1295 1116; baseline 0.004 -18"><span class='ocrx_word' id='word_1_82' title='bbox 217 1036 294 1098; x_wconf 86' lang='lat' dir='ltr'><strong>adici</strong></span> <span class='ocrx_word' id='word_1_83' title='bbox 309 1037 391 1098; x_wconf 68' lang='lat' dir='ltr'><strong>volox</strong></span> <span class='ocrx_word' id='word_1_84' title='bbox 410 1035 485 1100; x_wconf 88' lang='lat' dir='ltr'><strong>“hoc</strong></span> <span class='ocrx_word' id='word_1_85' title='bbox 502 1047 729 1099; x_wconf 90' lang='lat' dir='ltr'><strong>monumentum</strong></span> <span class='ocrx_word' id='word_1_86' title='bbox 744 1038 883 1099; x_wconf 87' lang='lat' dir='ltr'><strong>heredem</strong></span> <span class='ocrx_word' id='word_1_87' title='bbox 895 1056 956 1098; x_wconf 90' lang='lat' dir='ltr'><strong>non</strong></span> <span class='ocrx_word' id='word_1_88' title='bbox 968 1038 1132 1116; x_wconf 90' lang='lat' dir='ltr'><strong>sequitur&#39;’.</strong></span> <span class='ocrx_word' id='word_1_89' title='bbox 1158 1047 1295 1102; x_wconf 86' lang='lat' dir='ltr'><strong>ceterum</strong></span> 
     </span>
     <span class='ocr_line' id='line_1_11' title="bbox 217 1121 1345 1197; baseline 0.004 -15"><span class='ocrx_word' id='word_1_90' title='bbox 217 1121 276 1182; x_wconf 90' lang='lat' dir='ltr'><strong>erit</strong></span> <span class='ocrx_word' id='word_1_91' title='bbox 290 1121 361 1182; x_wconf 90' lang='lat' dir='ltr'><strong>mihi</strong></span> <span class='ocrx_word' id='word_1_92' title='bbox 376 1140 481 1197; x_wconf 84' lang='lat' dir='ltr'><strong>curae,</strong></span> <span class='ocrx_word' id='word_1_93' title='bbox 496 1131 530 1183; x_wconf 89' lang='lat' dir='ltr'><strong>ut</strong></span> <span class='ocrx_word' id='word_1_94' title='bbox 544 1130 719 1186; x_wconf 87' lang='lat' dir='ltr'><strong>testamento</strong></span> <span class='ocrx_word' id='word_1_95' title='bbox 735 1141 866 1196; x_wconf 76' lang='lat' dir='ltr'><strong>caveam,</strong></span> <span class='ocrx_word' id='word_1_96' title='bbox 887 1142 925 1184; x_wconf 90' lang='lat' dir='ltr'><strong>ne</strong></span> <span class='ocrx_word' id='word_1_97' title='bbox 939 1132 1076 1185; x_wconf 90' lang='lat' dir='ltr'><strong>mortuns</strong></span> <span class='ocrx_word' id='word_1_98' title='bbox 1091 1123 1229 1186; x_wconf 89' lang='lat' dir='ltr'><strong>iniuriam</strong></span> <span class='ocrx_word' id='word_1_99' title='bbox 1245 1143 1296 1186; x_wconf 84' lang='lat' dir='ltr'><strong>ac·</strong></span> <span class='ocrx_word' id='word_1_100' title='bbox 1318 1135 1345 1186; x_wconf 85' lang='lat' dir='ltr'><strong>to</strong></span> 
     </span>
     <span class='ocr_line' id='line_1_12' title="bbox 218 1206 1295 1288; baseline 0.003 -20"><span class='ocrx_word' id='word_1_101' title='bbox 218 1206 336 1286; x_wconf 87' lang='lat' dir='ltr'><strong>cipiam.</strong></span> <span class='ocrx_word' id='word_1_102' title='bbox 364 1225 544 1287; x_wconf 83' lang='lat' dir='ltr'><strong>praeponam</strong></span> <span class='ocrx_word' id='word_1_103' title='bbox 569 1208 647 1270; x_wconf 90' lang='lat' dir='ltr'><strong>enim</strong></span> <span class='ocrx_word' id='word_1_104' title='bbox 671 1227 764 1270; x_wconf 91' lang='lat' dir='ltr'><strong>unum</strong></span> <span class='ocrx_word' id='word_1_105' title='bbox 780 1227 816 1270; x_wconf 85' lang='lat' dir='ltr'><strong>ex</strong></span> <span class='ocrx_word' id='word_1_106' title='bbox 832 1208 943 1270; x_wconf 82' lang='lat' dir='ltr'><strong>libertis</strong></span> <span class='ocrx_word' id='word_1_107' title='bbox 957 1209 1094 1288; x_wconf 87' lang='lat' dir='ltr'><strong>sepulcro</strong></span> <span class='ocrx_word' id='word_1_108' title='bbox 1109 1227 1176 1270; x_wconf 88' lang='lat' dir='ltr'><strong>meo</strong></span> <span class='ocrx_word' id='word_1_109' title='bbox 1193 1218 1295 1272; x_wconf 87' lang='lat' dir='ltr'><strong>custo·</strong></span> 
     </span>
     <span class='ocr_line' id='line_1_13' title="bbox 218 1291 1295 1373; baseline 0.005 -21"><span class='ocrx_word' id='word_1_110' title='bbox 218 1291 284 1352; x_wconf 86' lang='lat' dir='ltr'><strong>diae</strong></span> <span class='ocrx_word' id='word_1_111' title='bbox 300 1309 404 1367; x_wconf 86' lang='lat' dir='ltr'><strong>causa,</strong></span> <span class='ocrx_word' id='word_1_112' title='bbox 426 1312 465 1354; x_wconf 90' lang='lat' dir='ltr'><strong>ne</strong></span> <span class='ocrx_word' id='word_1_113' title='bbox 487 1293 518 1354; x_wconf 90' lang='lat' dir='ltr'><strong>in</strong></span> <span class='ocrx_word' id='word_1_114' title='bbox 534 1301 761 1356; x_wconf 85' lang='lat' dir='ltr'><strong>monumentum</strong></span> <span class='ocrx_word' id='word_1_115' title='bbox 775 1310 875 1355; x_wconf 89' lang='lat' dir='ltr'><strong>meum</strong></span> <span class='ocrx_word' id='word_1_116' title='bbox 889 1293 1019 1373; x_wconf 93' lang='lat' dir='ltr'><strong>populus</strong></span> <span class='ocrx_word' id='word_1_117' title='bbox 1034 1303 1166 1355; x_wconf 89' lang='lat' dir='ltr'><strong>cacatum</strong></span> <span class='ocrx_word' id='word_1_118' title='bbox 1182 1303 1295 1357; x_wconf 86' lang='lat' dir='ltr'><strong>currat.</strong></span> 
     </span>
    </p>

    <p class='ocr_par' dir='ltr' id='par_1_3' title="bbox 217 1379 1344 2732">
     <span class='ocr_line' id='line_1_14' title="bbox 217 1379 1296 1460; baseline 0.006 -24"><span class='ocrx_word' id='word_1_119' title='bbox 217 1383 248 1436; x_wconf 87' lang='lat' dir='ltr'><strong>te</strong></span> <span class='ocrx_word' id='word_1_120' title='bbox 263 1394 353 1455; x_wconf 86' lang='lat' dir='ltr'><strong>rogo,</strong></span> <span class='ocrx_word' id='word_1_121' title='bbox 376 1385 408 1439; x_wconf 89' lang='lat' dir='ltr'><strong>ut</strong></span> <span class='ocrx_word' id='word_1_122' title='bbox 424 1396 512 1440; x_wconf 84' lang='lat' dir='ltr'><strong>naves</strong></span> <span class='ocrx_word' id='word_1_123' title='bbox 527 1379 613 1440; x_wconf 89' lang='lat' dir='ltr'><strong>etiam</strong></span> <span class='ocrx_word' id='word_1_124' title='bbox 818 1379 1006 1440; x_wconf 90' lang='lat' dir='ltr'><strong>monumenti</strong></span> <span class='ocrx_word' id='word_1_125' title='bbox 1020 1379 1078 1440; x_wconf 90' lang='lat' dir='ltr'><strong>mei</strong></span> <span class='ocrx_word' id='word_1_126' title='bbox 1093 1380 1181 1441; x_wconf 84' lang='lat' dir='ltr'><strong>iacias</strong></span> <span class='ocrx_word' id='word_1_127' title='bbox 1196 1381 1296 1460; x_wconf 93' lang='lat' dir='ltr'><strong>plenis</strong></span> 
     </span>
     <span class='ocr_line' id='line_1_15' title="bbox 219 1461 1296 1543; baseline 0.006 -22"><span class='ocrx_word' id='word_1_128' title='bbox 219 1461 291 1522; x_wconf 89' lang='lat' dir='ltr'><strong>velis</strong></span> <span class='ocrx_word' id='word_1_129' title='bbox 307 1470 420 1537; x_wconf 85' lang='lat' dir='ltr'><strong>euntes,</strong></span> <span class='ocrx_word' id='word_1_130' title='bbox 437 1475 466 1525; x_wconf 92' lang='lat' dir='ltr'><strong>et</strong></span> <span class='ocrx_word' id='word_1_131' title='bbox 480 1482 528 1524; x_wconf 91' lang='lat' dir='ltr'><strong>me</strong></span> <span class='ocrx_word' id='word_1_132' title='bbox 543 1464 573 1525; x_wconf 94' lang='lat' dir='ltr'><strong>in</strong></span> <span class='ocrx_word' id='word_1_133' title='bbox 589 1463 729 1524; x_wconf 89' lang='lat' dir='ltr'><strong>tribunali</strong></span> <span class='ocrx_word' id='word_1_134' title='bbox 744 1463 896 1524; x_wconf 88' lang='lat' dir='ltr'><strong>sedentem</strong></span> <span class='ocrx_word' id='word_1_135' title='bbox 908 1472 1123 1543; x_wconf 85' lang='lat' dir='ltr'><strong>praetextatum</strong></span> <span class='ocrx_word' id='word_1_136' title='bbox 1139 1483 1207 1526; x_wconf 90' lang='lat' dir='ltr'><strong>cum</strong></span> <span class='ocrx_word' id='word_1_137' title='bbox 1219 1484 1296 1527; x_wconf 89' lang='lat' dir='ltr'><strong>anu·</strong></span> 
     </span>
     <span class='ocr_line' id='line_1_16' title="bbox 218 1545 1343 1628; baseline 0.003 -20"><span class='ocrx_word' id='word_1_138' title='bbox 218 1545 257 1608; x_wconf 90' lang='lat' dir='ltr'><strong>lis</strong></span> <span class='ocrx_word' id='word_1_139' title='bbox 268 1548 366 1609; x_wconf 88' lang='lat' dir='ltr'><strong>aureis</strong></span> <span class='ocrx_word' id='word_1_140' title='bbox 378 1549 511 1628; x_wconf 88' lang='lat' dir='ltr'><strong>quinque</strong></span> <span class='ocrx_word' id='word_1_141' title='bbox 523 1556 552 1610; x_wconf 87' lang='lat' dir='ltr'><strong>et</strong></span> <span class='ocrx_word' id='word_1_142' title='bbox 565 1567 702 1610; x_wconf 87' lang='lat' dir='ltr'><strong>nummos</strong></span> <span class='ocrx_word' id='word_1_143' title='bbox 714 1549 744 1609; x_wconf 95' lang='lat' dir='ltr'><strong>in</strong></span> <span class='ocrx_word' id='word_1_144' title='bbox 757 1548 877 1627; x_wconf 89' lang='lat' dir='ltr'><strong>puhhco</strong></span> <span class='ocrx_word' id='word_1_145' title='bbox 892 1549 928 1610; x_wconf 90' lang='lat' dir='ltr'><strong>de</strong></span> <span class='ocrx_word' id='word_1_146' title='bbox 940 1548 1058 1611; x_wconf 88' lang='lat' dir='ltr'><strong>sacculo</strong></span> <span class='ocrx_word' id='word_1_147' title='bbox 1074 1550 1297 1628; x_wconf 67' lang='lat' dir='ltr'><strong>effundentem</strong></span> <span class='ocrx_word' id='word_1_148' title='bbox 1318 1561 1343 1612; x_wconf 85' lang='lat' dir='ltr'><strong>u</strong></span> 
     </span>
     <span class='ocr_line' id='line_1_17' title="bbox 218 1632 1296 1714; baseline 0.004 -20"><span class='ocrx_word' id='word_1_149' title='bbox 218 1632 279 1694; x_wconf 90' lang='lat' dir='ltr'><strong>scis</strong></span> <span class='ocrx_word' id='word_1_150' title='bbox 294 1633 382 1707; x_wconf 82' lang='lat' dir='ltr'><strong>enim,</strong></span> <span class='ocrx_word' id='word_1_151' title='bbox 399 1635 478 1713; x_wconf 88' lang='lat' dir='ltr'><strong>quod</strong></span> <span class='ocrx_word' id='word_1_152' title='bbox 495 1635 617 1714; x_wconf 91' lang='lat' dir='ltr'><strong>epulum</strong></span> <span class='ocrx_word' id='word_1_153' title='bbox 632 1634 699 1696; x_wconf 86' lang='lat' dir='ltr'><strong>dedi</strong></span> <span class='ocrx_word' id='word_1_154' title='bbox 713 1633 801 1696; x_wconf 90' lang='lat' dir='ltr'><strong>binos</strong></span> <span class='ocrx_word' id='word_1_155' title='bbox 816 1634 962 1696; x_wconf 87' lang='lat' dir='ltr'><strong>denarios.</strong></span> <span class='ocrx_word' id='word_1_156' title='bbox 992 1635 1126 1709; x_wconf 80' lang='lat' dir='ltr'><strong>saciatur,</strong></span> <span class='ocrx_word' id='word_1_157' title='bbox 1142 1635 1167 1697; x_wconf 90' lang='lat' dir='ltr'><strong>si</strong></span> <span class='ocrx_word' id='word_1_158' title='bbox 1182 1634 1236 1697; x_wconf 89' lang='lat' dir='ltr'><strong>tihi</strong></span> <span class='ocrx_word' id='word_1_159' title='bbox 1251 1636 1296 1698; x_wconf 83' lang='lat' dir='ltr'><strong>vi-</strong></span> 
     </span>
     <span class='ocr_line' id='line_1_18' title="bbox 218 1717 1296 1798; baseline 0.004 -19"><span class='ocrx_word' id='word_1_160' title='bbox 218 1717 316 1792; x_wconf 84' lang='lat' dir='ltr'><strong>detur,</strong></span> <span class='ocrx_word' id='word_1_161' title='bbox 333 1727 362 1780; x_wconf 89' lang='lat' dir='ltr'><strong>et</strong></span> <span class='ocrx_word' id='word_1_162' title='bbox 376 1719 513 1780; x_wconf 86' lang='lat' dir='ltr'><strong>triclinia.</strong></span> <span class='ocrx_word' id='word_1_163' title='bbox 542 1720 632 1781; x_wconf 85' lang='lat' dir='ltr'><strong>facies</strong></span> <span class='ocrx_word' id='word_1_164' title='bbox 647 1727 785 1781; x_wconf 80' lang='lat' dir='ltr'><strong>ettotam</strong></span> <span class='ocrx_word' id='word_1_165' title='bbox 808 1720 952 1798; x_wconf 91' lang='lat' dir='ltr'><strong>populum</strong></span> <span class='ocrx_word' id='word_1_166' title='bbox 967 1719 1024 1782; x_wconf 91' lang='lat' dir='ltr'><strong>sibi</strong></span> <span class='ocrx_word' id='word_1_167' title='bbox 1039 1720 1168 1781; x_wconf 82' lang='lat' dir='ltr'><strong>suaviter</strong></span> <span class='ocrx_word' id='word_1_168' title='bbox 1182 1721 1296 1783; x_wconf 84' lang='lat' dir='ltr'><strong>facien·</strong></span> 
     </span>
     <span class='ocr_line' id='line_1_19' title="bbox 220 1805 1296 1882; baseline 0.006 -20"><span class='ocrx_word' id='word_1_169' title='bbox 220 1809 290 1864; x_wconf 89' lang='lat' dir='ltr'><strong>tem.</strong></span> <span class='ocrx_word' id='word_1_170' title='bbox 323 1805 357 1865; x_wconf 88' lang='lat' dir='ltr'><strong>ad</strong></span> <span class='ocrx_word' id='word_1_171' title='bbox 381 1805 530 1866; x_wconf 82' lang='lat' dir='ltr'><strong>dexteram</strong></span> <span class='ocrx_word' id='word_1_172' title='bbox 553 1822 649 1866; x_wconf 89' lang='lat' dir='ltr'><strong>meam</strong></span> <span class='ocrx_word' id='word_1_173' title='bbox 671 1822 765 1882; x_wconf 85' lang='lat' dir='ltr'><strong>ponas</strong></span> <span class='ocrx_word' id='word_1_174' title='bbox 787 1813 912 1866; x_wconf 87' lang='lat' dir='ltr'><strong>statuam</strong></span> <span class='ocrx_word' id='word_1_175' title='bbox 936 1805 1115 1866; x_wconf 85' lang='lat' dir='ltr'><strong>Fortunatae</strong></span> <span class='ocrx_word' id='word_1_176' title='bbox 1137 1824 1220 1867; x_wconf 90' lang='lat' dir='ltr'><strong>meae</strong></span> <span class='ocrx_word' id='word_1_177' title='bbox 1244 1825 1296 1868; x_wconf 92' lang='lat' dir='ltr'><strong>co·</strong></span> 
     </span>
     <span class='ocr_line' id='line_1_20' title="bbox 221 1886 1296 1969; baseline 0.007 -23"><span class='ocrx_word' id='word_1_178' title='bbox 221 1886 351 1948; x_wconf 91' lang='lat' dir='ltr'><strong>lumbam</strong></span> <span class='ocrx_word' id='word_1_179' title='bbox 366 1897 532 1949; x_wconf 90' lang='lat' dir='ltr'><strong>tenentem:</strong></span> <span class='ocrx_word' id='word_1_180' title='bbox 556 1899 585 1950; x_wconf 89' lang='lat' dir='ltr'><strong>et</strong></span> <span class='ocrx_word' id='word_1_181' title='bbox 600 1889 732 1950; x_wconf 90' lang='lat' dir='ltr'><strong>catellam</strong></span> <span class='ocrx_word' id='word_1_182' title='bbox 749 1889 868 1968; x_wconf 83' lang='lat' dir='ltr'><strong>cingulo</strong></span> <span class='ocrx_word' id='word_1_183' title='bbox 884 1889 1028 1969; x_wconf 82' lang='lat' dir='ltr'><strong>alligatam</strong></span> <span class='ocrx_word' id='word_1_184' title='bbox 1045 1891 1149 1952; x_wconf 79' lang='lat' dir='ltr'><strong>ducata</strong></span> <span class='ocrx_word' id='word_1_185' title='bbox 1173 1899 1202 1952; x_wconf 90' lang='lat' dir='ltr'><strong>et</strong></span> <span class='ocrx_word' id='word_1_186' title='bbox 1218 1891 1296 1954; x_wconf 84' lang='lat' dir='ltr'><strong>cica-</strong></span> 
     </span>
     <span class='ocr_line' id='line_1_21' title="bbox 220 1973 1344 2056; baseline 0.004 -24"><span class='ocrx_word' id='word_1_187' title='bbox 220 1989 327 2038; x_wconf 88' lang='lat' dir='ltr'><strong>ronem</strong></span> <span class='ocrx_word' id='word_1_188' title='bbox 338 1991 446 2047; x_wconf 83' lang='lat' dir='ltr'><strong>meum,</strong></span> <span class='ocrx_word' id='word_1_189' title='bbox 463 1980 492 2034; x_wconf 90' lang='lat' dir='ltr'><strong>et</strong></span> <span class='ocrx_word' id='word_1_190' title='bbox 503 1975 661 2053; x_wconf 81' lang='lat' dir='ltr'><strong>amphoras</strong></span> <span class='ocrx_word' id='word_1_191' title='bbox 673 1973 807 2052; x_wconf 87' lang='lat' dir='ltr'><strong>copiosas</strong></span> <span class='ocrx_word' id='word_1_192' title='bbox 823 1983 975 2056; x_wconf 64' lang='lat' dir='ltr'><strong>gypsatam</strong></span> <span class='ocrx_word' id='word_1_193' title='bbox 993 1994 1030 2036; x_wconf 90' lang='lat' dir='ltr'><strong>ne</strong></span> <span class='ocrx_word' id='word_1_194' title='bbox 1045 1976 1168 2037; x_wconf 85' lang='lat' dir='ltr'><strong>ellloant</strong></span> <span class='ocrx_word' id='word_1_195' title='bbox 1181 1976 1296 2039; x_wconf 81' lang='lat' dir='ltr'><strong>vinnm.</strong></span> <span class='ocrx_word' id='word_1_196' title='bbox 1318 1986 1344 2036; x_wconf 81' lang='lat' dir='ltr'><strong>ut</strong></span> 
     </span>
     <span class='ocr_line' id='line_1_22' title="bbox 222 2058 1295 2140; baseline 0.004 -22"><span class='ocrx_word' id='word_1_197' title='bbox 222 2065 252 2118; x_wconf 93' lang='lat' dir='ltr'><strong>et</strong></span> <span class='ocrx_word' id='word_1_198' title='bbox 266 2075 373 2119; x_wconf 90' lang='lat' dir='ltr'><strong>urnam</strong></span> <span class='ocrx_word' id='word_1_199' title='bbox 387 2058 457 2119; x_wconf 91' lang='lat' dir='ltr'><strong>licet</strong></span> <span class='ocrx_word' id='word_1_200' title='bbox 471 2059 592 2120; x_wconf 79' lang='lat' dir='ltr'><strong>tractam</strong></span> <span class='ocrx_word' id='word_1_201' title='bbox 609 2058 735 2137; x_wconf 87' lang='lat' dir='ltr'><strong>sculpes,</strong></span> <span class='ocrx_word' id='word_1_202' title='bbox 752 2068 782 2120; x_wconf 89' lang='lat' dir='ltr'><strong>et</strong></span> <span class='ocrx_word' id='word_1_203' title='bbox 792 2078 883 2138; x_wconf 91' lang='lat' dir='ltr'><strong>super</strong></span> <span class='ocrx_word' id='word_1_204' title='bbox 898 2077 962 2120; x_wconf 93' lang='lat' dir='ltr'><strong>eam</strong></span> <span class='ocrx_word' id='word_1_205' title='bbox 977 2079 1104 2138; x_wconf 89' lang='lat' dir='ltr'><strong>puerum</strong></span> <span class='ocrx_word' id='word_1_206' title='bbox 1116 2061 1295 2140; x_wconf 88' lang='lat' dir='ltr'><strong>plorantem.</strong></span> 
     </span>
     <span class='ocr_line' id='line_1_23' title="bbox 221 2141 1295 2224; baseline 0.007 -22"><span class='ocrx_word' id='word_1_207' title='bbox 221 2141 408 2222; x_wconf 84' lang='lat' dir='ltr'><strong>horologium</strong></span> <span class='ocrx_word' id='word_1_208' title='bbox 425 2143 455 2204; x_wconf 94' lang='lat' dir='ltr'><strong>in</strong></span> <span class='ocrx_word' id='word_1_209' title='bbox 471 2143 579 2218; x_wconf 86' lang='lat' dir='ltr'><strong>medio,</strong></span> <span class='ocrx_word' id='word_1_210' title='bbox 595 2152 628 2206; x_wconf 90' lang='lat' dir='ltr'><strong>ut</strong></span> <span class='ocrx_word' id='word_1_211' title='bbox 642 2144 774 2223; x_wconf 89' lang='lat' dir='ltr'><strong>quisquis</strong></span> <span class='ocrx_word' id='word_1_212' title='bbox 789 2144 876 2206; x_wconf 88' lang='lat' dir='ltr'><strong>horas</strong></span> <span class='ocrx_word' id='word_1_213' title='bbox 891 2145 1038 2224; x_wconf 80' lang='lat' dir='ltr'><strong>inspiciet,</strong></span> <span class='ocrx_word' id='word_1_214' title='bbox 1054 2145 1124 2207; x_wconf 90' lang='lat' dir='ltr'><strong>volit</strong></span> <span class='ocrx_word' id='word_1_215' title='bbox 1138 2147 1222 2222; x_wconf 85' lang='lat' dir='ltr'><strong>nolit,</strong></span> <span class='ocrx_word' id='word_1_216' title='bbox 1240 2166 1295 2208; x_wconf 94' lang='lat' dir='ltr'><strong>no·</strong></span> 
     </span>
     <span class='ocr_line' id='line_1_24' title="bbox 221 2228 1295 2310; baseline 0.006 -22"><span class='ocrx_word' id='word_1_217' title='bbox 221 2245 290 2288; x_wconf 90' lang='lat' dir='ltr'><strong>men</strong></span> <span class='ocrx_word' id='word_1_218' title='bbox 307 2247 406 2290; x_wconf 90' lang='lat' dir='ltr'><strong>meum</strong></span> <span class='ocrx_word' id='word_1_219' title='bbox 422 2228 508 2309; x_wconf 86' lang='lat' dir='ltr'><strong>legat.</strong></span> <span class='ocrx_word' id='word_1_220' title='bbox 538 2229 692 2309; x_wconf 84' lang='lat' dir='ltr'><strong>inscriptio</strong></span> <span class='ocrx_word' id='word_1_221' title='bbox 716 2248 834 2309; x_wconf 86' lang='lat' dir='ltr'><strong>quoque</strong></span> <span class='ocrx_word' id='word_1_222' title='bbox 855 2230 920 2291; x_wconf 88' lang='lat' dir='ltr'><strong>vide</strong></span> <span class='ocrx_word' id='word_1_223' title='bbox 942 2229 1101 2310; x_wconf 73' lang='lat' dir='ltr'><strong>diligenter·</strong></span> <span class='ocrx_word' id='word_1_224' title='bbox 1119 2231 1144 2292; x_wconf 89' lang='lat' dir='ltr'><strong>si</strong></span> <span class='ocrx_word' id='word_1_225' title='bbox 1160 2231 1232 2293; x_wconf 90' lang='lat' dir='ltr'><strong>haec</strong></span> <span class='ocrx_word' id='word_1_226' title='bbox 1248 2251 1295 2294; x_wconf 90' lang='lat' dir='ltr'><strong>sa·</strong></span> 
     </span>
     <span class='ocr_line' id='line_1_25' title="bbox 220 2312 1296 2394; baseline 0.007 -20"><span class='ocrx_word' id='word_1_227' title='bbox 220 2312 258 2374; x_wconf 88' lang='lat' dir='ltr'><strong>tis</strong></span> <span class='ocrx_word' id='word_1_228' title='bbox 273 2313 378 2376; x_wconf 89' lang='lat' dir='ltr'><strong>idonea</strong></span> <span class='ocrx_word' id='word_1_229' title='bbox 393 2314 447 2376; x_wconf 92' lang='lat' dir='ltr'><strong>tibi</strong></span> <span class='ocrx_word' id='word_1_230' title='bbox 469 2315 599 2377; x_wconf 83' lang='lat' dir='ltr'><strong>videtur:</strong></span> <span class='ocrx_word' id='word_1_231' title='bbox 622 2315 673 2376; x_wconf 86' lang='lat' dir='ltr'><strong>“C.</strong></span> <span class='ocrx_word' id='word_1_232' title='bbox 689 2315 848 2394; x_wconf 86' lang='lat' dir='ltr'><strong>Pompeius</strong></span> <span class='ocrx_word' id='word_1_233' title='bbox 863 2315 1041 2378; x_wconf 80' lang='lat' dir='ltr'><strong>Trimalchio</strong></span> <span class='ocrx_word' id='word_1_234' title='bbox 1057 2315 1296 2381; x_wconf 88' lang='lat' dir='ltr'><strong>Maecenatianus</strong></span> 
     </span>
     <span class='ocr_line' id='line_1_26' title="bbox 220 2398 1342 2481; baseline 0.004 -23"><span class='ocrx_word' id='word_1_235' title='bbox 220 2398 268 2459; x_wconf 89' lang='lat' dir='ltr'><strong>hic</strong></span> <span class='ocrx_word' id='word_1_236' title='bbox 283 2400 451 2480; x_wconf 86' lang='lat' dir='ltr'><strong>requiescit.</strong></span> <span class='ocrx_word' id='word_1_237' title='bbox 482 2400 551 2462; x_wconf 90' lang='lat' dir='ltr'><strong>huic</strong></span> <span class='ocrx_word' id='word_1_238' title='bbox 574 2401 715 2462; x_wconf 83' lang='lat' dir='ltr'><strong>seviratus</strong></span> <span class='ocrx_word' id='word_1_239' title='bbox 737 2401 853 2463; x_wconf 88' lang='lat' dir='ltr'><strong>absenti</strong></span> <span class='ocrx_word' id='word_1_240' title='bbox 875 2402 1012 2463; x_wconf 88' lang='lat' dir='ltr'><strong>decretus</strong></span> <span class='ocrx_word' id='word_1_241' title='bbox 1027 2410 1080 2462; x_wconf 90' lang='lat' dir='ltr'><strong>est.</strong></span> <span class='ocrx_word' id='word_1_242' title='bbox 1112 2420 1178 2462; x_wconf 91' lang='lat' dir='ltr'><strong>cum</strong></span> <span class='ocrx_word' id='word_1_243' title='bbox 1194 2410 1297 2481; x_wconf 87' lang='lat' dir='ltr'><strong>posset</strong></span> <span class='ocrx_word' id='word_1_244' title='bbox 1316 2412 1342 2463; x_wconf 69' lang='lat' dir='ltr'><strong>ab</strong></span> 
     </span>
     <span class='ocr_line' id='line_1_27' title="bbox 220 2482 1295 2566; baseline 0.006 -23"><span class='ocrx_word' id='word_1_245' title='bbox 220 2482 252 2544; x_wconf 93' lang='lat' dir='ltr'><strong>in</strong></span> <span class='ocrx_word' id='word_1_246' title='bbox 269 2485 406 2548; x_wconf 91' lang='lat' dir='ltr'><strong>omnihus</strong></span> <span class='ocrx_word' id='word_1_247' title='bbox 417 2485 545 2548; x_wconf 88' lang='lat' dir='ltr'><strong>decuriis</strong></span> <span class='ocrx_word' id='word_1_248' title='bbox 556 2485 666 2548; x_wconf 87' lang='lat' dir='ltr'><strong>Romae</strong></span> <span class='ocrx_word' id='word_1_249' title='bbox 682 2505 755 2559; x_wconf 80' lang='lat' dir='ltr'><strong>esse,</strong></span> <span class='ocrx_word' id='word_1_250' title='bbox 770 2495 870 2547; x_wconf 76' lang='lat' dir='ltr'><strong>mmen</strong></span> <span class='ocrx_word' id='word_1_251' title='bbox 886 2486 990 2547; x_wconf 90' lang='lat' dir='ltr'><strong>noluit.</strong></span> <span class='ocrx_word' id='word_1_252' title='bbox 1018 2485 1095 2566; x_wconf 80' lang='lat' dir='ltr'><strong>pius,</strong></span> <span class='ocrx_word' id='word_1_253' title='bbox 1110 2487 1205 2562; x_wconf 83' lang='lat' dir='ltr'><strong>fortis,</strong></span> <span class='ocrx_word' id='word_1_254' title='bbox 1218 2489 1295 2549; x_wconf 82' lang='lat' dir='ltr'><strong>hde-</strong></span> 
     </span>
     <span class='ocr_line' id='line_1_28' title="bbox 221 2566 1294 2652; baseline 0.006 -24"><span class='ocrx_word' id='word_1_255' title='bbox 221 2566 272 2640; x_wconf 81' lang='lat' dir='ltr'><strong>tis,</strong></span> <span class='ocrx_word' id='word_1_256' title='bbox 294 2588 328 2630; x_wconf 86' lang='lat' dir='ltr'><strong>ex</strong></span> <span class='ocrx_word' id='word_1_257' title='bbox 349 2588 438 2650; x_wconf 87' lang='lat' dir='ltr'><strong>parvo</strong></span> <span class='ocrx_word' id='word_1_258' title='bbox 462 2571 565 2646; x_wconf 83' lang='lat' dir='ltr'><strong>crevit,</strong></span> <span class='ocrx_word' id='word_1_259' title='bbox 585 2571 753 2632; x_wconf 89' lang='lat' dir='ltr'><strong>sestertium</strong></span> <span class='ocrx_word' id='word_1_260' title='bbox 769 2571 888 2650; x_wconf 88' lang='lat' dir='ltr'><strong>reliquit</strong></span> <span class='ocrx_word' id='word_1_261' title='bbox 901 2573 1075 2645; x_wconf 84' lang='lat' dir='ltr'><strong>trecenties,</strong></span> <span class='ocrx_word' id='word_1_262' title='bbox 1091 2590 1146 2633; x_wconf 87' lang='lat' dir='ltr'><strong>nec</strong></span> <span class='ocrx_word' id='word_1_263' title='bbox 1161 2589 1294 2652; x_wconf 85' lang='lat' dir='ltr'><strong>unquam</strong></span> 
     </span>
     <span class='ocr_line' id='line_1_29' title="bbox 221 2651 790 2732; baseline 0.009 -20"><span class='ocrx_word' id='word_1_264' title='bbox 221 2651 430 2732; x_wconf 89' lang='lat' dir='ltr'><strong>philosophum</strong></span> <span class='ocrx_word' id='word_1_265' title='bbox 448 2655 565 2715; x_wconf 88' lang='lat' dir='ltr'><strong>audivit.</strong></span> <span class='ocrx_word' id='word_1_266' title='bbox 591 2654 668 2716; x_wconf 89' lang='lat' dir='ltr'><strong>vale:</strong></span> <span class='ocrx_word' id='word_1_267' title='bbox 685 2663 714 2716; x_wconf 89' lang='lat' dir='ltr'><strong>et</strong></span> <span class='ocrx_word' id='word_1_268' title='bbox 728 2654 790 2716; x_wconf 89' lang='lat' dir='ltr'><strong>tu&#39;&#39;.</strong></span> 
     </span>
    </p>

    <p class='ocr_par' dir='ltr' id='par_1_4' title="bbox 102 2737 1343 3419">
     <span class='ocr_line' id='line_1_30' title="bbox 102 2737 1295 2821; baseline 0.005 -23"><span class='ocrx_word' id='word_1_269' title='bbox 102 2741 103 2748; x_wconf 75' lang='grc'>’</span> <span class='ocrx_word' id='word_1_270' title='bbox 162 2737 204 2800; x_wconf 73' lang='lat' dir='ltr'><strong>‘tt</strong></span> <span class='ocrx_word' id='word_1_271' title='bbox 306 2737 378 2799; x_wconf 88' lang='lat' dir='ltr'><strong>haee</strong></span> <span class='ocrx_word' id='word_1_272' title='bbox 401 2747 434 2800; x_wconf 91' lang='lat' dir='ltr'><strong>nt</strong></span> <span class='ocrx_word' id='word_1_273' title='bbox 455 2739 527 2800; x_wconf 76' lang='lat' dir='ltr'><strong>&lt;lixit</strong></span> <span class='ocrx_word' id='word_1_274' title='bbox 548 2739 740 2816; x_wconf 83' lang='lat' dir='ltr'><strong>Trimalchio,</strong></span> <span class='ocrx_word' id='word_1_275' title='bbox 758 2741 835 2802; x_wconf 78' lang='lat' dir='ltr'><strong>&#39;llere</strong></span> <span class='ocrx_word' id='word_1_276' title='bbox 857 2741 956 2821; x_wconf 88' lang='lat' dir='ltr'><strong>coepit</strong></span> <span class='ocrx_word' id='word_1_277' title='bbox 977 2741 1115 2804; x_wconf 90' lang='lat' dir='ltr'><strong>ubertim.</strong></span> <span class='ocrx_word' id='word_1_278' title='bbox 1151 2742 1241 2804; x_wconf 89' lang='lat' dir='ltr'><strong>flebat</strong></span> <span class='ocrx_word' id='word_1_279' title='bbox 1266 2749 1295 2804; x_wconf 90' lang='lat' dir='ltr'><strong>et</strong></span> 
     </span>
     <span class='ocr_line' id='line_1_31' title="bbox 222 2820 1343 2907; baseline 0.005 -25"><span class='ocrx_word' id='word_1_280' title='bbox 222 2820 401 2898; x_wconf 85' lang='lat' dir='ltr'><strong>Fortunata,</strong></span> <span class='ocrx_word' id='word_1_281' title='bbox 416 2823 505 2885; x_wconf 87' lang='lat' dir='ltr'><strong>llehat</strong></span> <span class='ocrx_word' id='word_1_282' title='bbox 520 2832 549 2886; x_wconf 88' lang='lat' dir='ltr'><strong>et</strong></span> <span class='ocrx_word' id='word_1_283' title='bbox 563 2824 724 2900; x_wconf 78' lang='lat' dir='ltr'><strong>Habinnas,</strong></span> <span class='ocrx_word' id='word_1_284' title='bbox 740 2833 801 2887; x_wconf 90' lang='lat' dir='ltr'><strong>tota</strong></span> <span class='ocrx_word' id='word_1_285' title='bbox 817 2827 946 2907; x_wconf 88' lang='lat' dir='ltr'><strong>denique</strong></span> <span class='ocrx_word' id='word_1_286' title='bbox 960 2825 1084 2902; x_wconf 83' lang='lat' dir='ltr'><strong>familia,</strong></span> <span class='ocrx_word' id='word_1_287' title='bbox 1107 2835 1249 2906; x_wconf 86' lang='lat' dir='ltr'><strong>tanquam</strong></span> <span class='ocrx_word' id='word_1_288' title='bbox 1263 2828 1294 2889; x_wconf 94' lang='lat' dir='ltr'><strong>in</strong></span> <span class='ocrx_word' id='word_1_289' title='bbox 1316 2837 1343 2888; x_wconf 79' lang='lat' dir='ltr'><strong>at</strong></span> 
     </span>
     <span class='ocr_line' id='line_1_32' title="bbox 221 2906 1294 2993; baseline 0.006 -25"><span class='ocrx_word' id='word_1_290' title='bbox 221 2906 312 2969; x_wconf 83' lang='lat' dir='ltr'><strong>funus</strong></span> <span class='ocrx_word' id='word_1_291' title='bbox 326 2917 441 2988; x_wconf 81' lang='lat' dir='ltr'><strong>rogata,</strong></span> <span class='ocrx_word' id='word_1_292' title='bbox 463 2909 674 2972; x_wconf 89' lang='lat' dir='ltr'><strong>lamentatione</strong></span> <span class='ocrx_word' id='word_1_293' title='bbox 690 2910 853 2974; x_wconf 89' lang='lat' dir='ltr'><strong>triclinium</strong></span> <span class='ocrx_word' id='word_1_294' title='bbox 867 2912 1005 2993; x_wconf 82' lang='lat' dir='ltr'><strong>implevit.</strong></span> <span class='ocrx_word' id='word_1_295' title='bbox 1035 2911 1124 2973; x_wconf 89' lang='lat' dir='ltr'><strong>immo</strong></span> <span class='ocrx_word' id='word_1_296' title='bbox 1144 2912 1204 2974; x_wconf 91' lang='lat' dir='ltr'><strong>iam</strong></span> <span class='ocrx_word' id='word_1_297' title='bbox 1224 2931 1294 2974; x_wconf 90' lang='lat' dir='ltr'><strong>coe·</strong></span> 
     </span>
     <span class='ocr_line' id='line_1_33' title="bbox 222 2995 1295 3077; baseline 0.006 -23"><span class='ocrx_word' id='word_1_298' title='bbox 222 3011 325 3072; x_wconf 88' lang='lat' dir='ltr'><strong>peram</strong></span> <span class='ocrx_word' id='word_1_299' title='bbox 350 2995 438 3056; x_wconf 87' lang='lat' dir='ltr'><strong>etiarn</strong></span> <span class='ocrx_word' id='word_1_300' title='bbox 462 3013 516 3076; x_wconf 83' lang='lat' dir='ltr'><strong>ego</strong></span> <span class='ocrx_word' id='word_1_301' title='bbox 538 2996 671 3077; x_wconf 89' lang='lat' dir='ltr'><strong>plorare,</strong></span> <span class='ocrx_word' id='word_1_302' title='bbox 695 3015 762 3058; x_wconf 92' lang='lat' dir='ltr'><strong>cum</strong></span> <span class='ocrx_word' id='word_1_303' title='bbox 783 2997 960 3060; x_wconf 86' lang='lat' dir='ltr'><strong>Trimalchio</strong></span> <span class='ocrx_word' id='word_1_304' title='bbox 984 2997 1075 3076; x_wconf 80' lang='lat' dir='ltr'><strong>‘ergo’</strong></span> <span class='ocrx_word' id='word_1_305' title='bbox 1097 2997 1195 3077; x_wconf 87' lang='lat' dir='ltr'><strong>inquit</strong></span> <span class='ocrx_word' id='word_1_306' title='bbox 1216 3005 1295 3060; x_wconf 87' lang='lat' dir='ltr'><strong>‘cum</strong></span> 
     </span>
     <span class='ocr_line' id='line_1_34' title="bbox 218 3078 1294 3162; baseline 0.006 -22"><span class='ocrx_word' id='word_1_307' title='bbox 218 3078 349 3152; x_wconf 51' lang='lat' dir='ltr'><strong>¹sciamus</strong></span> <span class='ocrx_word' id='word_1_308' title='bbox 365 3100 419 3143; x_wconf 92' lang='lat' dir='ltr'><strong>nos</strong></span> <span class='ocrx_word' id='word_1_309' title='bbox 434 3081 594 3144; x_wconf 89' lang='lat' dir='ltr'><strong>morituros</strong></span> <span class='ocrx_word' id='word_1_310' title='bbox 614 3101 693 3156; x_wconf 84' lang='lat' dir='ltr'><strong>esse,</strong></span> <span class='ocrx_word' id='word_1_311' title='bbox 710 3100 800 3162; x_wconf 79' lang='lat' dir='ltr'><strong>quare</strong></span> <span class='ocrx_word' id='word_1_312' title='bbox 816 3081 1043 3146; x_wconf 72' lang='lat' dir='ltr'><strong>non&#39;vivamusl</strong></span> <span class='ocrx_word' id='word_1_313' title='bbox 1065 3082 1106 3144; x_wconf 90' lang='lat' dir='ltr'><strong>sic</strong></span> <span class='ocrx_word' id='word_1_314' title='bbox 1126 3103 1178 3145; x_wconf 90' lang='lat' dir='ltr'><strong>vos</strong></span> <span class='ocrx_word' id='word_1_315' title='bbox 1193 3083 1294 3146; x_wconf 81' lang='lat' dir='ltr'><strong>felices</strong></span> 
     </span>
     <span class='ocr_line' id='line_1_35' title="bbox 221 3163 1295 3248; baseline 0.006 -24"><span class='ocrx_word' id='word_1_316' title='bbox 221 3163 349 3240; x_wconf 81' lang='lat' dir='ltr'><strong>rideam,</strong></span> <span class='ocrx_word' id='word_1_317' title='bbox 372 3166 552 3230; x_wconf 86' lang='lat' dir='ltr'><strong>coniciamus</strong></span> <span class='ocrx_word' id='word_1_318' title='bbox 566 3186 622 3229; x_wconf 91' lang='lat' dir='ltr'><strong>nos</strong></span> <span class='ocrx_word' id='word_1_319' title='bbox 636 3167 667 3228; x_wconf 96' lang='lat' dir='ltr'><strong>in</strong></span> <span class='ocrx_word' id='word_1_320' title='bbox 683 3167 838 3243; x_wconf 80' lang='lat' dir='ltr'><strong>balneum,</strong></span> <span class='ocrx_word' id='word_1_321' title='bbox 860 3187 926 3230; x_wconf 89' lang='lat' dir='ltr'><strong>meo</strong></span> <span class='ocrx_word' id='word_1_322' title='bbox 941 3169 1090 3248; x_wconf 85' lang='lat' dir='ltr'><strong>periculo,</strong></span> <span class='ocrx_word' id='word_1_323' title='bbox 1113 3187 1174 3230; x_wconf 94' lang='lat' dir='ltr'><strong>non</strong></span> <span class='ocrx_word' id='word_1_324' title='bbox 1191 3169 1295 3248; x_wconf 85' lang='lat' dir='ltr'><strong>paeni·</strong></span> 
     </span>
     <span class='ocr_line' id='line_1_36' title="bbox 222 3247 1341 3334; baseline 0.004 -26"><span class='ocrx_word' id='word_1_325' title='bbox 222 3247 305 3310; x_wconf 86' lang='lat' dir='ltr'><strong>tebit.</strong></span> <span class='ocrx_word' id='word_1_326' title='bbox 331 3251 374 3313; x_wconf 88' lang='lat' dir='ltr'><strong>sic</strong></span> <span class='ocrx_word' id='word_1_327' title='bbox 385 3253 611 3332; x_wconf 88' lang='lat' dir='ltr'><strong>calettanquam</strong></span> <span class='ocrx_word' id='word_1_328' title='bbox 627 3253 757 3334; x_wconf 77' lang='lat' dir='ltr'><strong>furnus&#39;.¹</strong></span> <span class='ocrx_word' id='word_1_329' title='bbox 777 3259 865 3327; x_wconf 75' lang='lat' dir='ltr'><strong>‘vero</strong></span> <span class='ocrx_word' id='word_1_330' title='bbox 880 3253 960 3314; x_wconf 89' lang='lat' dir='ltr'><strong>vero’</strong></span> <span class='ocrx_word' id='word_1_331' title='bbox 972 3253 1069 3332; x_wconf 90' lang='lat' dir='ltr'><strong>inquit</strong></span> <span class='ocrx_word' id='word_1_332' title='bbox 1079 3253 1234 3316; x_wconf 86' lang='lat' dir='ltr'><strong>Habinnas</strong></span> <span class='ocrx_word' id='word_1_333' title='bbox 1250 3253 1295 3316; x_wconf 73' lang='lat' dir='ltr'><strong>‘ele</strong></span> <span class='ocrx_word' id='word_1_334' title='bbox 1315 3261 1341 3312; x_wconf 86' lang='lat' dir='ltr'><strong>et</strong></span> 
     </span>
     <span class='ocr_line' id='line_1_37' title="bbox 224 3336 1295 3419; baseline 0.006 -25"><span class='ocrx_word' id='word_1_335' title='bbox 224 3351 283 3394; x_wconf 91' lang='lat' dir='ltr'><strong>una</strong></span> <span class='ocrx_word' id='word_1_336' title='bbox 305 3336 351 3397; x_wconf 91' lang='lat' dir='ltr'><strong>die</strong></span> <span class='ocrx_word' id='word_1_337' title='bbox 368 3337 444 3403; x_wconf 79' lang='lat' dir='ltr'><strong>,duas</strong></span> <span class='ocrx_word' id='word_1_338' title='bbox 458 3339 572 3413; x_wconf 84' lang='lat' dir='ltr'><strong>faeere,</strong></span> <span class='ocrx_word' id='word_1_339' title='bbox 596 3338 670 3400; x_wconf 92' lang='lat' dir='ltr'><strong>nihil</strong></span> <span class='ocrx_word' id='word_1_340' title='bbox 689 3338 776 3400; x_wconf 86' lang='lat' dir='ltr'><strong>malo&#39;</strong></span> <span class='ocrx_word' id='word_1_341' title='bbox 798 3339 944 3418; x_wconf 88' lang='lat' dir='ltr'><strong>nudisque</strong></span> <span class='ocrx_word' id='word_1_342' title='bbox 967 3339 1155 3401; x_wconf 85' lang='lat' dir='ltr'><strong>consurrexit</strong></span> <span class='ocrx_word' id='word_1_343' title='bbox 1169 3339 1295 3419; x_wconf 90' lang='lat' dir='ltr'><strong>pedibus</strong></span> 
     </span>
    </p>

    <p class='ocr_par' dir='ltr' id='par_1_5' title="bbox 196 3419 1345 3760">
     <span class='ocr_line' id='line_1_38' title="bbox 196 3419 980 3504; baseline 0.006 -24"><span class='ocrx_word' id='word_1_344' title='bbox 196 3474 199 3480; x_wconf 90' lang='lat'>.</span> <span class='ocrx_word' id='word_1_345' title='bbox 220 3424 253 3480; x_wconf 85' lang='lat' dir='ltr'><strong>et</strong></span> <span class='ocrx_word' id='word_1_346' title='bbox 263 3419 509 3484; x_wconf 86' lang='lat' dir='ltr'><strong>Trimalchionem</strong></span> <span class='ocrx_word' id='word_1_347' title='bbox 525 3423 713 3502; x_wconf 86' lang='lat' dir='ltr'><strong>plaudentem</strong></span> <span class='ocrx_word' id='word_1_348' title='bbox 728 3422 868 3502; x_wconf 89' lang='lat' dir='ltr'><strong>subsequi</strong></span> <span class='ocrx_word' id='word_1_349' title='bbox 883 3427 980 3504; x_wconf 83' lang='lat' dir='ltr'><strong>coepit.</strong></span> 
     </span>
     <span class='ocr_line' id='line_1_39' title="bbox 309 3507 1296 3589; baseline 0.003 -22"><span class='ocrx_word' id='word_1_350' title='bbox 309 3523 365 3586; x_wconf 84' lang='lat' dir='ltr'><strong>ego</strong></span> <span class='ocrx_word' id='word_1_351' title='bbox 376 3507 539 3586; x_wconf 85' lang='lat' dir='ltr'><strong>respiciens</strong></span> <span class='ocrx_word' id='word_1_352' title='bbox 549 3509 584 3568; x_wconf 86' lang='lat' dir='ltr'><strong>ad</strong></span> <span class='ocrx_word' id='word_1_353' title='bbox 596 3508 736 3589; x_wconf 77' lang='lat' dir='ltr'><strong>Ascylton</strong></span> <span class='ocrx_word' id='word_1_354' title='bbox 754 3508 834 3588; x_wconf 89' lang='lat' dir='ltr'><strong>‘quid</strong></span> <span class='ocrx_word' id='word_1_355' title='bbox 846 3507 987 3589; x_wconf 80' lang='lat' dir='ltr'><strong>eogiast’</strong></span> <span class='ocrx_word' id='word_1_356' title='bbox 1002 3510 1124 3588; x_wconf 88' lang='lat' dir='ltr'><strong>inquam</strong></span> <span class='ocrx_word' id='word_1_357' title='bbox 1137 3509 1296 3588; x_wconf 82' lang='lat' dir='ltr'><strong>‘egoenim</strong></span> 
     </span>
     <span class='ocr_line' id='line_1_40' title="bbox 220 3591 1297 3674; baseline 0.002 -20"><span class='ocrx_word' id='word_1_358' title='bbox 220 3592 247 3654; x_wconf 92' lang='lat' dir='ltr'><strong>si</strong></span> <span class='ocrx_word' id='word_1_359' title='bbox 268 3591 367 3654; x_wconf 81' lang='lat' dir='ltr'><strong>videro</strong></span> <span class='ocrx_word' id='word_1_360' title='bbox 391 3591 544 3668; x_wconf 83' lang='lat' dir='ltr'><strong>balneum,</strong></span> <span class='ocrx_word' id='word_1_361' title='bbox 570 3594 667 3656; x_wconf 88' lang='lat' dir='ltr'><strong>statim</strong></span> <span class='ocrx_word' id='word_1_362' title='bbox 691 3593 851 3674; x_wconf 87' lang='lat' dir='ltr'><strong>expiraho’.</strong></span> <span class='ocrx_word' id='word_1_363' title='bbox 892 3594 1100 3658; x_wconf 86' lang='lat' dir='ltr'><strong>‘assectemur&#39;</strong></span> <span class='ocrx_word' id='word_1_364' title='bbox 1124 3593 1164 3656; x_wconf 90' lang='lat' dir='ltr'><strong>ait</strong></span> <span class='ocrx_word' id='word_1_365' title='bbox 1184 3593 1233 3656; x_wconf 93' lang='lat' dir='ltr'><strong>ille</strong></span> <span class='ocrx_word' id='word_1_366' title='bbox 1257 3598 1297 3656; x_wconf 88' lang='lat' dir='ltr'><strong>‘et</strong></span> 
     </span>
     <span class='ocr_line' id='line_1_41' title="bbox 221 3676 1345 3760; baseline 0 -20"><span class='ocrx_word' id='word_1_367' title='bbox 221 3676 293 3740; x_wconf 88' lang='lat' dir='ltr'><strong>dum</strong></span> <span class='ocrx_word' id='word_1_368' title='bbox 308 3677 351 3740; x_wconf 93' lang='lat' dir='ltr'><strong>illi</strong></span> <span class='ocrx_word' id='word_1_369' title='bbox 363 3677 504 3740; x_wconf 89' lang='lat' dir='ltr'><strong>balneum</strong></span> <span class='ocrx_word' id='word_1_370' title='bbox 518 3687 634 3759; x_wconf 70' lang='lat' dir='ltr'><strong>petunt,</strong></span> <span class='ocrx_word' id='word_1_371' title='bbox 651 3699 707 3742; x_wconf 90' lang='lat' dir='ltr'><strong>nos</strong></span> <span class='ocrx_word' id='word_1_372' title='bbox 720 3679 751 3742; x_wconf 90' lang='lat' dir='ltr'><strong>in</strong></span> <span class='ocrx_word' id='word_1_373' title='bbox 768 3680 855 3742; x_wconf 90' lang='lat' dir='ltr'><strong>turha</strong></span> <span class='ocrx_word' id='word_1_374' title='bbox 869 3679 1026 3743; x_wconf 85' lang='lat' dir='ltr'><strong>exeamus&#39;.</strong></span> <span class='ocrx_word' id='word_1_375' title='bbox 1056 3697 1125 3742; x_wconf 91' lang='lat' dir='ltr'><strong>cum</strong></span> <span class='ocrx_word' id='word_1_376' title='bbox 1144 3679 1218 3742; x_wconf 88' lang='lat' dir='ltr'><strong>haec</strong></span> <span class='ocrx_word' id='word_1_377' title='bbox 1232 3681 1296 3760; x_wconf 91' lang='lat' dir='ltr'><strong>pla·</strong></span> <span class='ocrx_word' id='word_1_378' title='bbox 1317 3687 1345 3740; x_wconf 82' lang='lat' dir='ltr'><strong>to</strong></span> 
     </span>
    </p>
   </div>
   <div class='ocr_carea' id='block_1_3' title="bbox 222 3795 1298 4032">
    <p class='ocr_par' dir='ltr' id='par_1_6' title="bbox 222 3795 1298 4032">
     <span class='ocr_line' id='line_1_42' title="bbox 309 3795 1298 3900; baseline 0.003 -20"><span class='ocrx_word' id='word_1_379' title='bbox 309 3831 324 3880; x_wconf 83' lang='grc'>3</span> <span class='ocrx_word' id='word_1_380' title='bbox 346 3829 437 3896; x_wconf 80' lang='lat' dir='ltr'><strong>pingas</strong></span> <span class='ocrx_word' id='word_1_381' title='bbox 461 3831 466 3896; x_wconf 83' lang='grc' dir='ltr'>Ι</span> <span class='ocrx_word' id='word_1_382' title='bbox 489 3795 617 3894; x_wconf 84' lang='lat' dir='ltr'><strong>Petraitis]</strong></span> <span class='ocrx_word' id='word_1_383' title='bbox 642 3829 678 3892; x_wconf 77' lang='lat' dir='ltr'><strong>cf.</strong></span> <span class='ocrx_word' id='word_1_384' title='bbox 701 3834 783 3898; x_wconf 85' lang='lat' dir='ltr'><strong>caput</strong></span> <span class='ocrx_word' id='word_1_385' title='bbox 804 3829 839 3884; x_wconf 81' lang='lat'><strong>52</strong></span> <span class='ocrx_word' id='word_1_386' title='bbox 865 3828 875 3900; x_wconf 73' lang='lat' dir='ltr'><strong>ll</strong></span> <span class='ocrx_word' id='word_1_387' title='bbox 898 3832 913 3883; x_wconf 83' lang='lat'><strong>9</strong></span> <span class='ocrx_word' id='word_1_388' title='bbox 938 3833 1061 3896; x_wconf 82' lang='lat' dir='ltr'><strong>sequatur</strong></span> <span class='ocrx_word' id='word_1_389' title='bbox 1082 3826 1091 3898; x_wconf 73' lang='lat' dir='ltr'><strong>{l</strong></span> <span class='ocrx_word' id='word_1_390' title='bbox 1116 3833 1145 3883; x_wconf 84' lang='lat' dir='ltr'><strong>lb</strong></span> <span class='ocrx_word' id='word_1_391' title='bbox 1171 3829 1298 3883; x_wconf 83' lang='lat' dir='ltr'><strong>saciantur</strong></span> 
     </span>
     <span class='ocr_line' id='line_1_43' title="bbox 223 3893 1298 3969; baseline 0.006 -23"><span class='ocrx_word' id='word_1_392' title='bbox 223 3893 335 3947; x_wconf 79' lang='lat' dir='ltr'><strong>Goertua</strong></span> <span class='ocrx_word' id='word_1_393' title='bbox 350 3897 359 3965; x_wconf 74' lang='lat' dir='ltr'><strong>ll</strong></span> <span class='ocrx_word' id='word_1_394' title='bbox 374 3901 403 3950; x_wconf 78' lang='grc'><strong>17</strong></span> <span class='ocrx_word' id='word_1_395' title='bbox 422 3897 501 3951; x_wconf 87' lang='lat' dir='ltr'><strong>iacies</strong></span> <span class='ocrx_word' id='word_1_396' title='bbox 518 3897 528 3968; x_wconf 79' lang='grc' dir='ltr'><strong>ΙΙ</strong></span> <span class='ocrx_word' id='word_1_397' title='bbox 545 3902 575 3952; x_wconf 83' lang='lat' dir='ltr'><strong>al</strong></span> <span class='ocrx_word' id='word_1_398' title='bbox 595 3903 621 3952; x_wconf 90' lang='lat' dir='ltr'><strong>et</strong></span> <span class='ocrx_word' id='word_1_399' title='bbox 638 3914 714 3952; x_wconf 85' lang='lat' dir='ltr'><strong>unam</strong></span> <span class='ocrx_word' id='word_1_400' title='bbox 730 3899 734 3968; x_wconf 71' lang='lat' dir='ltr'><strong>l</strong></span> <span class='ocrx_word' id='word_1_401' title='bbox 750 3898 849 3951; x_wconf 89' lang='lat' dir='ltr'><strong>scilicet</strong></span> <span class='ocrx_word' id='word_1_402' title='bbox 864 3898 1028 3964; x_wconf 78' lang='lat' dir='ltr'><strong>Segehadr&#39;ua</strong></span> <span class='ocrx_word' id='word_1_403' title='bbox 1044 3894 1054 3964; x_wconf 84' lang='grc' dir='ltr'><strong>ΙΙ</strong></span> <span class='ocrx_word' id='word_1_404' title='bbox 1071 3901 1102 3951; x_wconf 83' lang='grc'><strong>37</strong></span> <span class='ocrx_word' id='word_1_405' title='bbox 1122 3897 1276 3966; x_wconf 75' lang='lat' dir='ltr'><strong>gaudentem</strong></span> <span class='ocrx_word' id='word_1_406' title='bbox 1287 3897 1298 3969; x_wconf 82' lang='grc' dir='ltr'><strong>ΙΙ</strong></span> 
     </span>
     <span class='ocr_line' id='line_1_44' title="bbox 222 3963 896 4032; baseline 0.001 -16"><span class='ocrx_word' id='word_1_407' title='bbox 222 3963 256 4017; x_wconf 80' lang='grc'><strong>39</strong></span> <span class='ocrx_word' id='word_1_408' title='bbox 274 3969 433 4017; x_wconf 85' lang='lat' dir='ltr'><strong>assentemur</strong></span> <span class='ocrx_word' id='word_1_409' title='bbox 450 3971 476 4018; x_wconf 83' lang='lat' dir='ltr'><strong>et</strong></span> <span class='ocrx_word' id='word_1_410' title='bbox 492 3969 521 4017; x_wconf 66' lang='grc' dir='ltr'><strong>ὑπ</strong></span> <span class='ocrx_word' id='word_1_411' title='bbox 539 3970 664 4032; x_wconf 78' lang='lat' dir='ltr'><strong>margine</strong></span> <span class='ocrx_word' id='word_1_412' title='bbox 681 3967 713 4019; x_wconf 90' lang='lat' dir='ltr'><strong>al.</strong></span> <span class='ocrx_word' id='word_1_413' title='bbox 732 3966 896 4018; x_wconf 81' lang='lat' dir='ltr'><strong>absentemur</strong></span> 
     </span>
    </p>
   </div>
   <div class='ocr_carea' id='block_1_4' title="bbox 0 0 1396 4468">
    <p class='ocr_par' dir='ltr' id='par_1_7' title="bbox 0 0 1396 4468">
     <span class='ocr_line' id='line_1_45' title="bbox 0 0 1396 4468; baseline 0 0"><span class='ocrx_word' id='word_1_414' title='bbox 0 0 1396 4468; x_wconf 95' lang='lat' dir='ltr'><strong> </strong></span> 
     </span>
    </p>
   </div>
  </div>
 </body>
</html>
