<?xml version="1.0" encoding="UTF-8"?>
<!DOCTYPE html PUBLIC "-//W3C//DTD XHTML 1.0 Transitional//EN"
    "http://www.w3.org/TR/xhtml1/DTD/xhtml1-transitional.dtd">
<html xmlns="http://www.w3.org/1999/xhtml" xml:lang="en" lang="en">
 <head>
  <title>
</title>
<meta http-equiv="Content-Type" content="text/html;charset=utf-8" />
  <meta name='ocr-system' content='tesseract 3.04.00' />
  <meta name='ocr-capabilities' content='ocr_page ocr_carea ocr_par ocr_line ocrx_word'/>
</head>
<body>
  <div class='ocr_page' id='page_1' title='image "./satiraeetliberp00arbigoog_0035.png"; bbox 0 0 2772 4476; ppageno 0'>
   <div class='ocr_carea' id='block_1_1' title="bbox 236 187 849 251">
    <p class='ocr_par' dir='ltr' id='par_1_1' title="bbox 236 187 849 251">
     <span class='ocr_line' id='line_1_1' title="bbox 236 187 849 251; baseline -0.011 0"><span class='ocrx_word' id='word_1_1' title='bbox 236 187 276 251; x_wconf 71' lang='lat'><strong>28</strong></span> <span class='ocrx_word' id='word_1_2' title='bbox 427 216 432 226; x_wconf 92' lang='lat'><em>·</em></span> <span class='ocrx_word' id='word_1_3' title='bbox 696 191 849 246; x_wconf 72' lang='lat' dir='ltr'><strong>unruoch</strong></span> 
     </span>
    </p>
   </div>
   <div class='ocr_carea' id='block_1_2' title="bbox 128 364 1363 3682">
    <p class='ocr_par' dir='ltr' id='par_1_2' title="bbox 237 364 1349 516">
     <span class='ocr_line' id='line_1_2' title="bbox 237 364 1349 450; baseline -0.002 -22"><span class='ocrx_word' id='word_1_4' title='bbox 237 375 290 429; x_wconf 90' lang='lat' dir='ltr'><strong>est.</strong></span> <span class='ocrx_word' id='word_1_5' title='bbox 319 368 490 430; x_wconf 83' lang='lat' dir='ltr'><strong>stamiuatas</strong></span> <span class='ocrx_word' id='word_1_6' title='bbox 504 367 588 443; x_wconf 83' lang='lat' dir='ltr'><strong>duxi,</strong></span> <span class='ocrx_word' id='word_1_7' title='bbox 611 376 641 450; x_wconf 88' lang='lat' dir='ltr'><strong>et</strong></span> <span class='ocrx_word' id='word_1_8' title='bbox 657 367 745 446; x_wconf 88' lang='lat' dir='ltr'><strong>plane</strong></span> <span class='ocrx_word' id='word_1_9' title='bbox 759 373 855 428; x_wconf 87' lang='lat' dir='ltr'><strong>matus</strong></span> <span class='ocrx_word' id='word_1_10' title='bbox 869 383 945 427; x_wconf 89' lang='lat' dir='ltr'><strong>sum.</strong></span> <span class='ocrx_word' id='word_1_11' title='bbox 981 366 1068 427; x_wconf 87' lang='lat' dir='ltr'><strong>vinus</strong></span> <span class='ocrx_word' id='word_1_12' title='bbox 1088 364 1160 425; x_wconf 90' lang='lat' dir='ltr'><strong>mihi</strong></span> <span class='ocrx_word' id='word_1_13' title='bbox 1173 365 1206 426; x_wconf 91' lang='lat' dir='ltr'><strong>in</strong></span> <span class='ocrx_word' id='word_1_14' title='bbox 1221 381 1308 426; x_wconf 84' lang='lat' dir='ltr'><strong>cere·</strong></span> <span class='ocrx_word' id='word_1_15' title='bbox 1325 367 1349 416; x_wconf 76' lang='grc' dir='ltr'><em>Η</em></span> 
     </span>
     <span class='ocr_line' id='line_1_3' title="bbox 237 452 428 516; baseline 0.005 -3"><span class='ocrx_word' id='word_1_16' title='bbox 237 452 325 514; x_wconf 88' lang='lat' dir='ltr'><strong>hrum</strong></span> <span class='ocrx_word' id='word_1_17' title='bbox 339 453 428 516; x_wconf 86' lang='lat' dir='ltr'><strong>abiit’.</strong></span> 
     </span>
    </p>

    <p class='ocr_par' dir='ltr' id='par_1_3' title="bbox 178 533 1348 1211">
     <span class='ocr_line' id='line_1_4' title="bbox 178 533 1308 616; baseline -0.005 -14"><span class='ocrx_word' id='word_1_18' title='bbox 178 540 219 602; x_wconf 81' lang='lat'><strong>42</strong></span> <span class='ocrx_word' id='word_1_19' title='bbox 321 538 436 616; x_wconf 81' lang='lat' dir='ltr'><strong>excepit</strong></span> <span class='ocrx_word' id='word_1_20' title='bbox 451 537 591 599; x_wconf 78' lang='lat' dir='ltr'>Seleucus</span> <span class='ocrx_word' id='word_1_21' title='bbox 605 536 722 597; x_wconf 79' lang='lat' dir='ltr'><strong>tabulae</strong></span> <span class='ocrx_word' id='word_1_22' title='bbox 736 544 849 615; x_wconf 87' lang='lat' dir='ltr'><strong>partem</strong></span> <span class='ocrx_word' id='word_1_23' title='bbox 864 545 894 597; x_wconf 90' lang='lat' dir='ltr'><strong>et</strong></span> <span class='ocrx_word' id='word_1_24' title='bbox 909 535 984 614; x_wconf 82' lang='lat' dir='ltr'><strong>‘ego’</strong></span> <span class='ocrx_word' id='word_1_25' title='bbox 999 534 1097 614; x_wconf 87' lang='lat' dir='ltr'><strong>iuquit</strong></span> <span class='ocrx_word' id='word_1_26' title='bbox 1111 540 1182 594; x_wconf 85' lang='lat' dir='ltr'><strong>‘non</strong></span> <span class='ocrx_word' id='word_1_27' title='bbox 1199 533 1308 596; x_wconf 80' lang='lat' dir='ltr'><strong>cotidie</strong></span> 
     </span>
     <span class='ocr_line' id='line_1_5' title="bbox 237 617 1308 700; baseline -0.004 -16"><span class='ocrx_word' id='word_1_28' title='bbox 237 623 332 699; x_wconf 81' lang='lat' dir='ltr'><strong>lavor3</strong></span> <span class='ocrx_word' id='word_1_29' title='bbox 349 623 475 684; x_wconf 89' lang='lat' dir='ltr'><strong>baliscus</strong></span> <span class='ocrx_word' id='word_1_30' title='bbox 490 622 569 683; x_wconf 90' lang='lat' dir='ltr'><strong>enim</strong></span> <span class='ocrx_word' id='word_1_31' title='bbox 584 621 657 681; x_wconf 86' lang='lat' dir='ltr'><strong>lullo</strong></span> <span class='ocrx_word' id='word_1_32' title='bbox 672 631 726 698; x_wconf 86' lang='lat' dir='ltr'><strong>est,</strong></span> <span class='ocrx_word' id='word_1_33' title='bbox 742 640 817 700; x_wconf 86' lang='lat' dir='ltr'><strong>aqua</strong></span> <span class='ocrx_word' id='word_1_34' title='bbox 831 621 936 682; x_wconf 84' lang='lat' dir='ltr'><strong>dentes</strong></span> <span class='ocrx_word' id='word_1_35' title='bbox 949 617 1048 694; x_wconf 84' lang='lat' dir='ltr'><strong>habet,</strong></span> <span class='ocrx_word' id='word_1_36' title='bbox 1064 629 1094 680; x_wconf 88' lang='lat' dir='ltr'><strong>et</strong></span> <span class='ocrx_word' id='word_1_37' title='bbox 1106 637 1158 680; x_wconf 88' lang='lat' dir='ltr'><strong>cor</strong></span> <span class='ocrx_word' id='word_1_38' title='bbox 1170 628 1308 681; x_wconf 90' lang='lat' dir='ltr'><strong>nostrum</strong></span> 
     </span>
     <span class='ocr_line' id='line_1_6' title="bbox 237 704 1336 787; baseline 0.002 -20"><span class='ocrx_word' id='word_1_39' title='bbox 237 707 343 769; x_wconf 81' lang='lat' dir='ltr'><strong>cotidie</strong></span> <span class='ocrx_word' id='word_1_40' title='bbox 358 706 501 787; x_wconf 86' lang='lat' dir='ltr'><strong>liquescit.</strong></span> <span class='ocrx_word' id='word_1_41' title='bbox 537 705 587 767; x_wconf 91' lang='lat' dir='ltr'><strong>sed</strong></span> <span class='ocrx_word' id='word_1_42' title='bbox 609 724 677 768; x_wconf 89' lang='lat' dir='ltr'><strong>cum</strong></span> <span class='ocrx_word' id='word_1_43' title='bbox 699 707 786 768; x_wconf 89' lang='lat' dir='ltr'><strong>mulsi</strong></span> <span class='ocrx_word' id='word_1_44' title='bbox 799 705 959 786; x_wconf 89' lang='lat' dir='ltr'><strong>pultarium</strong></span> <span class='ocrx_word' id='word_1_45' title='bbox 974 704 1100 779; x_wconf 83' lang='lat' dir='ltr'><strong>obduxi,</strong></span> <span class='ocrx_word' id='word_1_46' title='bbox 1121 705 1227 784; x_wconf 80' lang='lat' dir='ltr'><strong>frigori</strong></span> <span class='ocrx_word' id='word_1_47' title='bbox 1245 705 1336 769; x_wconf 78' lang='lat' dir='ltr'><strong>lae-5</strong></span> 
     </span>
     <span class='ocr_line' id='line_1_7' title="bbox 237 789 1306 870; baseline -0.005 -16"><span class='ocrx_word' id='word_1_48' title='bbox 237 793 317 854; x_wconf 91' lang='lat' dir='ltr'><strong>casin</strong></span> <span class='ocrx_word' id='word_1_49' title='bbox 339 793 416 854; x_wconf 88' lang='lat' dir='ltr'><strong>dico.</strong></span> <span class='ocrx_word' id='word_1_50' title='bbox 458 810 514 852; x_wconf 88' lang='lat' dir='ltr'><strong>nec</strong></span> <span class='ocrx_word' id='word_1_51' title='bbox 534 809 605 852; x_wconf 89' lang='lat' dir='ltr'><strong>sane</strong></span> <span class='ocrx_word' id='word_1_52' title='bbox 631 791 726 852; x_wconf 82' lang='lat' dir='ltr'><strong>lavere</strong></span> <span class='ocrx_word' id='word_1_53' title='bbox 747 792 846 870; x_wconf 90' lang='lat' dir='ltr'><strong>potui;</strong></span> <span class='ocrx_word' id='word_1_54' title='bbox 872 792 913 852; x_wconf 85' lang='lat' dir='ltr'><strong>lui</strong></span> <span class='ocrx_word' id='word_1_55' title='bbox 939 790 1019 851; x_wconf 91' lang='lat' dir='ltr'><strong>enim</strong></span> <span class='ocrx_word' id='word_1_56' title='bbox 1041 789 1128 851; x_wconf 92' lang='lat' dir='ltr'><strong>hodie</strong></span> <span class='ocrx_word' id='word_1_57' title='bbox 1154 790 1184 850; x_wconf 93' lang='lat' dir='ltr'><strong>in</strong></span> <span class='ocrx_word' id='word_1_58' title='bbox 1206 791 1306 852; x_wconf 83' lang='lat' dir='ltr'><strong>funus.</strong></span> 
     </span>
     <span class='ocr_line' id='line_1_8' title="bbox 235 873 1307 957; baseline -0.004 -19"><span class='ocrx_word' id='word_1_59' title='bbox 235 877 325 938; x_wconf 88' lang='lat' dir='ltr'><strong>homo</strong></span> <span class='ocrx_word' id='word_1_60' title='bbox 349 877 456 953; x_wconf 85' lang='lat' dir='ltr'><strong>hellus,</strong></span> <span class='ocrx_word' id='word_1_61' title='bbox 478 887 537 937; x_wconf 89' lang='lat' dir='ltr'><strong>tam</strong></span> <span class='ocrx_word' id='word_1_62' title='bbox 558 875 657 938; x_wconf 87' lang='lat' dir='ltr'><strong>bonus</strong></span> <span class='ocrx_word' id='word_1_63' title='bbox 671 876 873 957; x_wconf 72' lang='lat' dir='ltr'><strong>Chrysanthus</strong></span> <span class='ocrx_word' id='word_1_64' title='bbox 891 876 1019 936; x_wconf 86' lang='lat' dir='ltr'><strong>animam</strong></span> <span class='ocrx_word' id='word_1_65' title='bbox 1039 874 1164 936; x_wconf 85' lang='lat' dir='ltr'><strong>ebulliit.</strong></span> <span class='ocrx_word' id='word_1_66' title='bbox 1207 873 1307 948; x_wconf 83' lang='lat' dir='ltr'><strong>modo,</strong></span> 
     </span>
     <span class='ocr_line' id='line_1_9' title="bbox 236 960 1307 1042; baseline -0.005 -18"><span class='ocrx_word' id='word_1_67' title='bbox 236 963 325 1024; x_wconf 89' lang='lat' dir='ltr'><strong>modo</strong></span> <span class='ocrx_word' id='word_1_68' title='bbox 346 980 394 1024; x_wconf 92' lang='lat' dir='ltr'><strong>me</strong></span> <span class='ocrx_word' id='word_1_69' title='bbox 414 961 577 1042; x_wconf 86' lang='lat' dir='ltr'><strong>appellavit.</strong></span> <span class='ocrx_word' id='word_1_70' title='bbox 612 961 715 1023; x_wconf 86' lang='lat' dir='ltr'><strong>videor</strong></span> <span class='ocrx_word' id='word_1_71' title='bbox 734 962 806 1022; x_wconf 88' lang='lat' dir='ltr'><strong>mihi</strong></span> <span class='ocrx_word' id='word_1_72' title='bbox 827 979 896 1022; x_wconf 91' lang='lat' dir='ltr'><strong>cum</strong></span> <span class='ocrx_word' id='word_1_73' title='bbox 918 961 968 1022; x_wconf 91' lang='lat' dir='ltr'><strong>illc</strong></span> <span class='ocrx_word' id='word_1_74' title='bbox 989 961 1096 1039; x_wconf 63' lang='lat' dir='ltr'><strong>loqui.⁴</strong></span> <span class='ocrx_word' id='word_1_75' title='bbox 1123 960 1198 1034; x_wconf 86' lang='lat' dir='ltr'><strong>heu,</strong></span> <span class='ocrx_word' id='word_1_76' title='bbox 1220 960 1307 1022; x_wconf 86' lang='lat' dir='ltr'><strong>eheu.</strong></span> 
     </span>
     <span class='ocr_line' id='line_1_10' title="bbox 236 1047 1309 1126; baseline -0.002 -18"><span class='ocrx_word' id='word_1_77' title='bbox 236 1057 319 1108; x_wconf 88' lang='lat' dir='ltr'><strong>utres</strong></span> <span class='ocrx_word' id='word_1_78' title='bbox 333 1047 426 1108; x_wconf 82' lang='lat' dir='ltr'><strong>inflati</strong></span> <span class='ocrx_word' id='word_1_79' title='bbox 440 1047 632 1108; x_wconf 89' lang='lat' dir='ltr'><strong>ambulamus.</strong></span> <span class='ocrx_word' id='word_1_80' title='bbox 667 1048 792 1109; x_wconf 91' lang='lat' dir='ltr'><strong>minoris</strong></span> <span class='ocrx_word' id='word_1_81' title='bbox 812 1064 900 1126; x_wconf 63' lang='lat' dir='ltr'><strong>mam</strong></span> <span class='ocrx_word' id='word_1_82' title='bbox 920 1063 1040 1107; x_wconf 82' lang='lat' dir='ltr'><strong>muscae</strong></span> <span class='ocrx_word' id='word_1_83' title='bbox 1053 1063 1171 1120; x_wconf 83' lang='lat' dir='ltr'><strong>sumus,</strong></span> <span class='ocrx_word' id='word_1_84' title='bbox 1194 1061 1309 1107; x_wconf 73' lang='lat' dir='ltr'><strong>muscus</strong></span> 
     </span>
     <span class='ocr_line' id='line_1_11' title="bbox 236 1131 1348 1211; baseline 0.002 -19"><span class='ocrx_word' id='word_1_85' title='bbox 236 1143 335 1192; x_wconf 85' lang='lat' dir='ltr'><strong>tamen</strong></span> <span class='ocrx_word' id='word_1_86' title='bbox 358 1133 486 1211; x_wconf 89' lang='lat' dir='ltr'><strong>aliquam</strong></span> <span class='ocrx_word' id='word_1_87' title='bbox 507 1132 644 1192; x_wconf 85' lang='lat' dir='ltr'><strong>virtutem</strong></span> <span class='ocrx_word' id='word_1_88' title='bbox 663 1132 790 1204; x_wconf 85' lang='lat' dir='ltr'><strong>hahent,</strong></span> <span class='ocrx_word' id='word_1_89' title='bbox 817 1151 875 1193; x_wconf 91' lang='lat' dir='ltr'><strong>nos</strong></span> <span class='ocrx_word' id='word_1_90' title='bbox 898 1150 959 1192; x_wconf 90' lang='lat' dir='ltr'><strong>non</strong></span> <span class='ocrx_word' id='word_1_91' title='bbox 980 1131 1075 1210; x_wconf 90' lang='lat' dir='ltr'><strong>pluris</strong></span> <span class='ocrx_word' id='word_1_92' title='bbox 1095 1147 1199 1192; x_wconf 90' lang='lat' dir='ltr'><strong>sumus</strong></span> <span class='ocrx_word' id='word_1_93' title='bbox 1219 1147 1309 1210; x_wconf 93' lang='lat' dir='ltr'><strong>quam</strong></span> <span class='ocrx_word' id='word_1_94' title='bbox 1324 1143 1348 1194; x_wconf 84' lang='lat' dir='ltr'><strong>tt</strong></span> 
     </span>
    </p>

    <p class='ocr_par' dir='ltr' id='par_1_4' title="bbox 128 1215 1309 1467">
     <span class='ocr_line' id='line_1_12' title="bbox 128 1215 1308 1296; baseline -0.003 -17"><span class='ocrx_word' id='word_1_95' title='bbox 128 1233 140 1247; x_wconf 90' lang='lat'><strong>·</strong></span> <span class='ocrx_word' id='word_1_96' title='bbox 237 1217 343 1279; x_wconf 88' lang='lat' dir='ltr'><strong>bullae.</strong></span> <span class='ocrx_word' id='word_1_97' title='bbox 379 1226 409 1279; x_wconf 91' lang='lat' dir='ltr'><strong>et</strong></span> <span class='ocrx_word' id='word_1_98' title='bbox 423 1217 495 1296; x_wconf 86' lang='lat' dir='ltr'><strong>quid</strong></span> <span class='ocrx_word' id='word_1_99' title='bbox 509 1216 534 1279; x_wconf 89' lang='lat' dir='ltr'><strong>si</strong></span> <span class='ocrx_word' id='word_1_100' title='bbox 549 1235 612 1278; x_wconf 90' lang='lat' dir='ltr'><strong>non</strong></span> <span class='ocrx_word' id='word_1_101' title='bbox 626 1217 760 1278; x_wconf 86' lang='lat' dir='ltr'><strong>abstinax</strong></span> <span class='ocrx_word' id='word_1_102' title='bbox 774 1217 886 1278; x_wconf 84' lang='lat' dir='ltr'><strong>luisset.</strong></span> <span class='ocrx_word' id='word_1_103' title='bbox 922 1217 1055 1295; x_wconf 90' lang='lat' dir='ltr'><strong>quinque</strong></span> <span class='ocrx_word' id='word_1_104' title='bbox 1077 1215 1139 1277; x_wconf 88' lang='lat' dir='ltr'><strong>dies</strong></span> <span class='ocrx_word' id='word_1_105' title='bbox 1154 1233 1262 1294; x_wconf 86' lang='lat' dir='ltr'><strong>aquam</strong></span> <span class='ocrx_word' id='word_1_106' title='bbox 1276 1217 1308 1278; x_wconf 93' lang='lat' dir='ltr'><strong>in</strong></span> 
     </span>
     <span class='ocr_line' id='line_1_13' title="bbox 237 1301 1308 1381; baseline -0.003 -17"><span class='ocrx_word' id='word_1_107' title='bbox 237 1321 371 1364; x_wconf 90' lang='lat' dir='ltr'><strong>ossuum</strong></span> <span class='ocrx_word' id='word_1_108' title='bbox 387 1321 449 1364; x_wconf 91' lang='lat' dir='ltr'><strong>non</strong></span> <span class='ocrx_word' id='word_1_109' title='bbox 465 1302 607 1376; x_wconf 88' lang='lat' dir='ltr'><strong>coniecit,</strong></span> <span class='ocrx_word' id='word_1_110' title='bbox 623 1321 684 1363; x_wconf 89' lang='lat' dir='ltr'><strong>non</strong></span> <span class='ocrx_word' id='word_1_111' title='bbox 700 1303 806 1363; x_wconf 90' lang='lat' dir='ltr'><strong>micam</strong></span> <span class='ocrx_word' id='word_1_112' title='bbox 821 1302 916 1381; x_wconf 88' lang='lat' dir='ltr'><strong>panis.</strong></span> <span class='ocrx_word' id='word_1_113' title='bbox 945 1311 1048 1363; x_wconf 89' lang='lat' dir='ltr'><strong>tamen</strong></span> <span class='ocrx_word' id='word_1_114' title='bbox 1058 1301 1132 1362; x_wconf 90' lang='lat' dir='ltr'><strong>abiit</strong></span> <span class='ocrx_word' id='word_1_115' title='bbox 1146 1301 1181 1361; x_wconf 89' lang='lat' dir='ltr'><strong>ad</strong></span> <span class='ocrx_word' id='word_1_116' title='bbox 1196 1302 1308 1380; x_wconf 87' lang='lat' dir='ltr'><strong>plures.</strong></span> 
     </span>
     <span class='ocr_line' id='line_1_14' title="bbox 236 1386 1309 1467; baseline 0.002 -20"><span class='ocrx_word' id='word_1_117' title='bbox 236 1387 344 1449; x_wconf 88' lang='lat' dir='ltr'><strong>medici</strong></span> <span class='ocrx_word' id='word_1_118' title='bbox 367 1388 450 1449; x_wconf 91' lang='lat' dir='ltr'><strong>illum</strong></span> <span class='ocrx_word' id='word_1_119' title='bbox 470 1387 679 1467; x_wconf 83' lang='lat' dir='ltr'><strong>perdiderunt,</strong></span> <span class='ocrx_word' id='word_1_120' title='bbox 707 1389 796 1450; x_wconf 90' lang='lat' dir='ltr'><strong>immo</strong></span> <span class='ocrx_word' id='word_1_121' title='bbox 822 1387 914 1467; x_wconf 82' lang='lat' dir='ltr'><strong>magis</strong></span> <span class='ocrx_word' id='word_1_122' title='bbox 938 1386 1033 1448; x_wconf 88' lang='lat' dir='ltr'><strong>malus</strong></span> <span class='ocrx_word' id='word_1_123' title='bbox 1057 1388 1149 1461; x_wconf 84' lang='lat' dir='ltr'><strong>latus;</strong></span> <span class='ocrx_word' id='word_1_124' title='bbox 1176 1387 1309 1449; x_wconf 90' lang='lat' dir='ltr'><strong>medicus</strong></span> 
     </span>
    </p>

    <p class='ocr_par' dir='ltr' id='par_1_5' title="bbox 156 1470 1348 1723">
     <span class='ocr_line' id='line_1_15' title="bbox 156 1470 1309 1551; baseline -0.002 -17"><span class='ocrx_word' id='word_1_125' title='bbox 156 1515 157 1522; x_wconf 62' lang='lat'><strong>.</strong></span> <span class='ocrx_word' id='word_1_126' title='bbox 237 1475 316 1534; x_wconf 90' lang='lat' dir='ltr'><strong>enim</strong></span> <span class='ocrx_word' id='word_1_127' title='bbox 331 1473 406 1534; x_wconf 91' lang='lat' dir='ltr'><strong>nihil</strong></span> <span class='ocrx_word' id='word_1_128' title='bbox 420 1473 498 1534; x_wconf 90' lang='lat' dir='ltr'><strong>aliud</strong></span> <span class='ocrx_word' id='word_1_129' title='bbox 512 1481 557 1534; x_wconf 91' lang='lat' dir='ltr'><strong>est</strong></span> <span class='ocrx_word' id='word_1_130' title='bbox 577 1491 665 1551; x_wconf 87' lang='lat' dir='ltr'><strong>quam</strong></span> <span class='ocrx_word' id='word_1_131' title='bbox 687 1473 776 1534; x_wconf 90' lang='lat' dir='ltr'><strong>animi</strong></span> <span class='ocrx_word' id='word_1_132' title='bbox 791 1473 964 1534; x_wconf 86' lang='lat' dir='ltr'><strong>consolatio.</strong></span> <span class='ocrx_word' id='word_1_133' title='bbox 999 1480 1098 1532; x_wconf 88' lang='lat' dir='ltr'><strong>tamen</strong></span> <span class='ocrx_word' id='word_1_134' title='bbox 1120 1470 1198 1532; x_wconf 90' lang='lat' dir='ltr'><strong>hene</strong></span> <span class='ocrx_word' id='word_1_135' title='bbox 1213 1472 1309 1533; x_wconf 87' lang='lat' dir='ltr'><strong>elatus</strong></span> 
     </span>
     <span class='ocr_line' id='line_1_16' title="bbox 236 1557 1348 1639; baseline -0.001 -21"><span class='ocrx_word' id='word_1_136' title='bbox 236 1567 295 1634; x_wconf 78' lang='lat' dir='ltr'><strong>eso,</strong></span> <span class='ocrx_word' id='word_1_137' title='bbox 317 1558 397 1620; x_wconf 91' lang='lat' dir='ltr'><strong>vitali</strong></span> <span class='ocrx_word' id='word_1_138' title='bbox 418 1559 510 1631; x_wconf 85' lang='lat' dir='ltr'><strong>lecto,</strong></span> <span class='ocrx_word' id='word_1_139' title='bbox 532 1558 670 1638; x_wconf 80' lang='lat' dir='ltr'><strong>stragulis</strong></span> <span class='ocrx_word' id='word_1_140' title='bbox 684 1558 781 1620; x_wconf 91' lang='lat' dir='ltr'><strong>honis.</strong></span> <span class='ocrx_word' id='word_1_141' title='bbox 815 1558 952 1639; x_wconf 90' lang='lat' dir='ltr'><strong>planctus</strong></span> <span class='ocrx_word' id='word_1_142' title='bbox 971 1566 1016 1618; x_wconf 89' lang='lat' dir='ltr'><strong>est</strong></span> <span class='ocrx_word' id='word_1_143' title='bbox 1035 1557 1146 1636; x_wconf 90' lang='lat' dir='ltr'><strong>optime</strong></span> <span class='ocrx_word' id='word_1_144' title='bbox 1161 1591 1203 1602; x_wconf 89' lang='lat'><em>-</em></span> <span class='ocrx_word' id='word_1_145' title='bbox 1216 1568 1348 1618; x_wconf 81' lang='lat' dir='ltr'><strong>mauult</strong></span> 
     </span>
     <span class='ocr_line' id='line_1_17' title="bbox 236 1642 1308 1723; baseline -0.001 -19"><span class='ocrx_word' id='word_1_146' title='bbox 236 1643 315 1705; x_wconf 87' lang='lat' dir='ltr'><strong>misit</strong></span> <span class='ocrx_word' id='word_1_147' title='bbox 330 1644 441 1723; x_wconf 82' lang='lat' dir='ltr'><strong>aliquot</strong></span> <span class='ocrx_word' id='word_1_148' title='bbox 454 1677 496 1690; x_wconf 89' lang='lat'><strong>--</strong></span> <span class='ocrx_word' id='word_1_149' title='bbox 512 1642 598 1704; x_wconf 90' lang='lat' dir='ltr'><strong>etiam</strong></span> <span class='ocrx_word' id='word_1_150' title='bbox 622 1645 646 1705; x_wconf 91' lang='lat' dir='ltr'><strong>si</strong></span> <span class='ocrx_word' id='word_1_151' title='bbox 666 1644 794 1723; x_wconf 82' lang='lat' dir='ltr'><strong>maligne</strong></span> <span class='ocrx_word' id='word_1_152' title='bbox 815 1643 898 1705; x_wconf 89' lang='lat' dir='ltr'><strong>illum</strong></span> <span class='ocrx_word' id='word_1_153' title='bbox 917 1643 1043 1722; x_wconf 81' lang='lat' dir='ltr'><strong>ploravit</strong></span> <span class='ocrx_word' id='word_1_154' title='bbox 1063 1659 1147 1702; x_wconf 83' lang='lat' dir='ltr'><strong>uxor.</strong></span> <span class='ocrx_word' id='word_1_155' title='bbox 1189 1643 1260 1721; x_wconf 88' lang='lat' dir='ltr'><strong>quid</strong></span> <span class='ocrx_word' id='word_1_156' title='bbox 1284 1642 1308 1703; x_wconf 88' lang='lat' dir='ltr'><strong>si</strong></span> 
     </span>
    </p>

    <p class='ocr_par' dir='ltr' id='par_1_6' title="bbox 178 1727 1309 1977">
     <span class='ocr_line' id='line_1_18' title="bbox 178 1727 1309 1809; baseline -0.002 -19"><span class='ocrx_word' id='word_1_157' title='bbox 178 1727 199 1780; x_wconf 68' lang='lat' dir='ltr'><strong>l‘</strong></span> <span class='ocrx_word' id='word_1_158' title='bbox 236 1747 297 1790; x_wconf 88' lang='lat' dir='ltr'><strong>uon</strong></span> <span class='ocrx_word' id='word_1_159' title='bbox 313 1729 394 1790; x_wconf 88' lang='lat' dir='ltr'><strong>illam</strong></span> <span class='ocrx_word' id='word_1_160' title='bbox 408 1729 518 1807; x_wconf 86' lang='lat' dir='ltr'><strong>optime</strong></span> <span class='ocrx_word' id='word_1_161' title='bbox 532 1729 703 1809; x_wconf 85' lang='lat' dir='ltr'><strong>accepisset.</strong></span> <span class='ocrx_word' id='word_1_162' title='bbox 743 1728 795 1790; x_wconf 89' lang='lat' dir='ltr'><strong>sed</strong></span> <span class='ocrx_word' id='word_1_163' title='bbox 809 1729 916 1790; x_wconf 87' lang='lat' dir='ltr'><strong>mulier</strong></span> <span class='ocrx_word' id='word_1_164' title='bbox 938 1745 1013 1806; x_wconf 86' lang='lat' dir='ltr'><strong>qnae</strong></span> <span class='ocrx_word' id='word_1_165' title='bbox 1033 1727 1140 1788; x_wconf 91' lang='lat' dir='ltr'><strong>mulier</strong></span> <span class='ocrx_word' id='word_1_166' title='bbox 1154 1727 1309 1788; x_wconf 87' lang='lat' dir='ltr'><strong>milvinum</strong></span> 
     </span>
     <span class='ocr_line' id='line_1_19' title="bbox 237 1813 1309 1893; baseline 0 -19"><span class='ocrx_word' id='word_1_167' title='bbox 237 1832 342 1892; x_wconf 79' lang='lat' dir='ltr'><strong>genus.</strong></span> <span class='ocrx_word' id='word_1_168' title='bbox 373 1814 521 1874; x_wconf 87' lang='lat' dir='ltr'><strong>neminem</strong></span> <span class='ocrx_word' id='word_1_169' title='bbox 537 1813 611 1875; x_wconf 90' lang='lat' dir='ltr'><strong>nihil</strong></span> <span class='ocrx_word' id='word_1_170' title='bbox 625 1813 697 1874; x_wconf 90' lang='lat' dir='ltr'><strong>boni</strong></span> <span class='ocrx_word' id='word_1_171' title='bbox 712 1815 810 1874; x_wconf 84' lang='lat' dir='ltr'><strong>lacere</strong></span> <span class='ocrx_word' id='word_1_172' title='bbox 822 1820 956 1893; x_wconf 87' lang='lat' dir='ltr'><strong>oportet;</strong></span> <span class='ocrx_word' id='word_1_173' title='bbox 971 1831 1066 1891; x_wconf 87' lang='lat' dir='ltr'><strong>aeque</strong></span> <span class='ocrx_word' id='word_1_174' title='bbox 1081 1821 1126 1873; x_wconf 88' lang='lat' dir='ltr'><strong>est</strong></span> <span class='ocrx_word' id='word_1_175' title='bbox 1139 1813 1219 1874; x_wconf 89' lang='lat' dir='ltr'><strong>enim</strong></span> <span class='ocrx_word' id='word_1_176' title='bbox 1234 1832 1269 1874; x_wconf 87' lang='lat' dir='ltr'><strong>ac</strong></span> <span class='ocrx_word' id='word_1_177' title='bbox 1284 1813 1309 1874; x_wconf 89' lang='lat' dir='ltr'><strong>si</strong></span> 
     </span>
     <span class='ocr_line' id='line_1_20' title="bbox 237 1897 1095 1977; baseline 0 -19"><span class='ocrx_word' id='word_1_178' title='bbox 237 1899 267 1958; x_wconf 91' lang='lat' dir='ltr'><strong>in</strong></span> <span class='ocrx_word' id='word_1_179' title='bbox 282 1907 407 1977; x_wconf 90' lang='lat' dir='ltr'><strong>puteum</strong></span> <span class='ocrx_word' id='word_1_180' title='bbox 422 1898 560 1958; x_wconf 89' lang='lat' dir='ltr'><strong>conicias.</strong></span> <span class='ocrx_word' id='word_1_181' title='bbox 590 1898 641 1959; x_wconf 90' lang='lat' dir='ltr'><strong>sed</strong></span> <span class='ocrx_word' id='word_1_182' title='bbox 657 1899 795 1976; x_wconf 88' lang='lat' dir='ltr'><strong>antiquus</strong></span> <span class='ocrx_word' id='word_1_183' title='bbox 810 1916 893 1958; x_wconf 88' lang='lat' dir='ltr'><strong>amor</strong></span> <span class='ocrx_word' id='word_1_184' title='bbox 907 1915 1016 1958; x_wconf 88' lang='lat' dir='ltr'><strong>cancer</strong></span> <span class='ocrx_word' id='word_1_185' title='bbox 1031 1897 1095 1958; x_wconf 90' lang='lat' dir='ltr'><strong>est&#39;.</strong></span> 
     </span>
    </p>

    <p class='ocr_par' dir='ltr' id='par_1_7' title="bbox 176 1982 1363 3682">
     <span class='ocr_line' id='line_1_21' title="bbox 176 1982 1350 2062; baseline 0 -16"><span class='ocrx_word' id='word_1_186' title='bbox 176 1983 218 2048; x_wconf 82' lang='lat'><strong>43</strong></span> <span class='ocrx_word' id='word_1_187' title='bbox 320 1983 464 2046; x_wconf 87' lang='lat' dir='ltr'><strong>molestus</strong></span> <span class='ocrx_word' id='word_1_188' title='bbox 477 1983 549 2055; x_wconf 84' lang='lat' dir='ltr'><strong>fuit,</strong></span> <span class='ocrx_word' id='word_1_189' title='bbox 572 1982 764 2062; x_wconf 80' lang='lat' dir='ltr'><strong>Philerosque</strong></span> <span class='ocrx_word' id='word_1_190' title='bbox 778 1983 984 2062; x_wconf 80' lang='lat' dir='ltr'><strong>proclamavit:</strong></span> <span class='ocrx_word' id='word_1_191' title='bbox 999 1983 1149 2044; x_wconf 81' lang='lat' dir='ltr'><strong>‘vircmm</strong></span> <span class='ocrx_word' id='word_1_192' title='bbox 1164 1983 1308 2044; x_wconf 90' lang='lat' dir='ltr'><strong>memine·</strong></span> <span class='ocrx_word' id='word_1_193' title='bbox 1323 1995 1350 2046; x_wconf 79' lang='lat' dir='ltr'><strong>m</strong></span> 
     </span>
     <span class='ocr_line' id='line_1_22' title="bbox 235 2067 1308 2146; baseline 0.002 -18"><span class='ocrx_word' id='word_1_194' title='bbox 235 2068 336 2130; x_wconf 90' lang='lat' dir='ltr'><strong>rimus.</strong></span> <span class='ocrx_word' id='word_1_195' title='bbox 372 2068 421 2128; x_wconf 91' lang='lat' dir='ltr'><strong>ille</strong></span> <span class='ocrx_word' id='word_1_196' title='bbox 435 2067 541 2143; x_wconf 86' lang='lat' dir='ltr'><strong>hahet,</strong></span> <span class='ocrx_word' id='word_1_197' title='bbox 562 2069 641 2146; x_wconf 92' lang='lat' dir='ltr'><strong>quod</strong></span> <span class='ocrx_word' id='word_1_198' title='bbox 656 2067 711 2128; x_wconf 92' lang='lat' dir='ltr'><strong>sihi</strong></span> <span class='ocrx_word' id='word_1_199' title='bbox 729 2067 908 2129; x_wconf 87' lang='lat' dir='ltr'><strong>debehatur:</strong></span> <span class='ocrx_word' id='word_1_200' title='bbox 929 2069 1053 2130; x_wconf 87' lang='lat' dir='ltr'><strong>honeste</strong></span> <span class='ocrx_word' id='word_1_201' title='bbox 1074 2068 1159 2141; x_wconf 87' lang='lat' dir='ltr'><strong>vixit,</strong></span> <span class='ocrx_word' id='word_1_202' title='bbox 1182 2068 1308 2130; x_wconf 89' lang='lat' dir='ltr'><strong>honeste</strong></span> 
     </span>
     <span class='ocr_line' id='line_1_23' title="bbox 236 2151 1310 2232; baseline 0 -17"><span class='ocrx_word' id='word_1_203' title='bbox 236 2153 317 2215; x_wconf 91' lang='lat' dir='ltr'><strong>chiit.</strong></span> <span class='ocrx_word' id='word_1_204' title='bbox 348 2153 419 2231; x_wconf 92' lang='lat' dir='ltr'><strong>quid</strong></span> <span class='ocrx_word' id='word_1_205' title='bbox 433 2153 522 2214; x_wconf 88' lang='lat' dir='ltr'><strong>habet</strong></span> <span class='ocrx_word' id='word_1_206' title='bbox 543 2153 624 2231; x_wconf 91' lang='lat' dir='ltr'><strong>quod</strong></span> <span class='ocrx_word' id='word_1_207' title='bbox 644 2151 806 2231; x_wconf 80' lang='lat' dir='ltr'><strong>queratur?</strong></span> <span class='ocrx_word' id='word_1_208' title='bbox 829 2153 865 2214; x_wconf 89' lang='lat' dir='ltr'><strong>ah</strong></span> <span class='ocrx_word' id='word_1_209' title='bbox 881 2171 945 2215; x_wconf 86' lang='lat' dir='ltr'><strong>asse</strong></span> <span class='ocrx_word' id='word_1_210' title='bbox 960 2153 1052 2215; x_wconf 86' lang='lat' dir='ltr'><strong>crevit</strong></span> <span class='ocrx_word' id='word_1_211' title='bbox 1073 2162 1103 2214; x_wconf 90' lang='lat' dir='ltr'><strong>et</strong></span> <span class='ocrx_word' id='word_1_212' title='bbox 1119 2161 1239 2232; x_wconf 86' lang='lat' dir='ltr'><strong>paratus</strong></span> <span class='ocrx_word' id='word_1_213' title='bbox 1254 2155 1310 2215; x_wconf 89' lang='lat' dir='ltr'><strong>fuit</strong></span> 
     </span>
     <span class='ocr_line' id='line_1_24' title="bbox 235 2239 1308 2318; baseline 0.001 -19"><span class='ocrx_word' id='word_1_214' title='bbox 235 2239 430 2317; x_wconf 82' lang='lat' dir='ltr'><strong>quadrantem</strong></span> <span class='ocrx_word' id='word_1_215' title='bbox 444 2239 481 2298; x_wconf 91' lang='lat' dir='ltr'><strong>de</strong></span> <span class='ocrx_word' id='word_1_216' title='bbox 491 2246 622 2299; x_wconf 88' lang='lat' dir='ltr'><strong>stercore</strong></span> <span class='ocrx_word' id='word_1_217' title='bbox 634 2239 783 2300; x_wconf 87' lang='lat' dir='ltr'><strong>mordicus</strong></span> <span class='ocrx_word' id='word_1_218' title='bbox 793 2239 906 2300; x_wconf 90' lang='lat' dir='ltr'><strong>tollere.</strong></span> <span class='ocrx_word' id='word_1_219' title='bbox 935 2239 1035 2318; x_wconf 89' lang='lat' dir='ltr'><strong>itaque</strong></span> <span class='ocrx_word' id='word_1_220' title='bbox 1050 2239 1150 2311; x_wconf 85' lang='lat' dir='ltr'><strong>crevit,</strong></span> <span class='ocrx_word' id='word_1_221' title='bbox 1166 2239 1308 2317; x_wconf 91' lang='lat' dir='ltr'><strong>quicquid</strong></span> 
     </span>
     <span class='ocr_line' id='line_1_25' title="bbox 235 2324 1308 2403; baseline 0 -17"><span class='ocrx_word' id='word_1_222' title='bbox 235 2324 342 2398; x_wconf 88' lang='lat' dir='ltr'><strong>crevit,</strong></span> <span class='ocrx_word' id='word_1_223' title='bbox 365 2331 506 2403; x_wconf 89' lang='lat' dir='ltr'><strong>tauquam</strong></span> <span class='ocrx_word' id='word_1_224' title='bbox 520 2325 612 2386; x_wconf 83' lang='lat' dir='ltr'><strong>favus.</strong></span> <span class='ocrx_word' id='word_1_225' title='bbox 649 2331 722 2403; x_wconf 90' lang='lat' dir='ltr'><strong>puto</strong></span> <span class='ocrx_word' id='word_1_226' title='bbox 738 2325 924 2386; x_wconf 85' lang='lat' dir='ltr'><strong>mehercules</strong></span> <span class='ocrx_word' id='word_1_227' title='bbox 945 2324 1026 2386; x_wconf 91' lang='lat' dir='ltr'><strong>illum</strong></span> <span class='ocrx_word' id='word_1_228' title='bbox 1042 2324 1196 2403; x_wconf 85' lang='lat' dir='ltr'><strong>reliquisse</strong></span> <span class='ocrx_word' id='word_1_229' title='bbox 1214 2325 1308 2386; x_wconf 88' lang='lat' dir='ltr'><strong>solida</strong></span> 
     </span>
     <span class='ocr_line' id='line_1_26' title="bbox 235 2409 1348 2489; baseline 0.001 -20"><span class='ocrx_word' id='word_1_230' title='bbox 235 2417 371 2483; x_wconf 83' lang='lat' dir='ltr'><strong>centum,</strong></span> <span class='ocrx_word' id='word_1_231' title='bbox 394 2417 423 2470; x_wconf 86' lang='lat' dir='ltr'><strong>et</strong></span> <span class='ocrx_word' id='word_1_232' title='bbox 444 2409 543 2471; x_wconf 85' lang='lat' dir='ltr'><strong>omnia</strong></span> <span class='ocrx_word' id='word_1_233' title='bbox 563 2409 593 2470; x_wconf 90' lang='lat' dir='ltr'><strong>in</strong></span> <span class='ocrx_word' id='word_1_234' title='bbox 609 2409 739 2470; x_wconf 87' lang='lat' dir='ltr'><strong>nummis</strong></span> <span class='ocrx_word' id='word_1_235' title='bbox 753 2409 866 2470; x_wconf 91' lang='lat' dir='ltr'><strong>hahuit.</strong></span> <span class='ocrx_word' id='word_1_236' title='bbox 902 2411 938 2472; x_wconf 90' lang='lat' dir='ltr'><strong>de</strong></span> <span class='ocrx_word' id='word_1_237' title='bbox 958 2428 991 2470; x_wconf 92' lang='lat' dir='ltr'><strong>re</strong></span> <span class='ocrx_word' id='word_1_238' title='bbox 1011 2419 1110 2470; x_wconf 84' lang='lat' dir='ltr'><strong>tamen</strong></span> <span class='ocrx_word' id='word_1_239' title='bbox 1133 2427 1188 2489; x_wconf 82' lang='lat' dir='ltr'><strong>ago</strong></span> <span class='ocrx_word' id='word_1_240' title='bbox 1203 2428 1308 2471; x_wconf 90' lang='lat' dir='ltr'><strong>verum</strong></span> <span class='ocrx_word' id='word_1_241' title='bbox 1322 2421 1348 2470; x_wconf 75' lang='lat' dir='ltr'><strong>tt</strong></span> 
     </span>
     <span class='ocr_line' id='line_1_27' title="bbox 234 2493 1307 2574; baseline 0.001 -18"><span class='ocrx_word' id='word_1_242' title='bbox 234 2495 339 2568; x_wconf 81' lang='lat' dir='ltr'><strong>dicam,</strong></span> <span class='ocrx_word' id='word_1_243' title='bbox 358 2493 409 2573; x_wconf 94' lang='lat' dir='ltr'><strong>qui</strong></span> <span class='ocrx_word' id='word_1_244' title='bbox 423 2495 555 2574; x_wconf 80' lang='lat' dir='ltr'><strong>linguam</strong></span> <span class='ocrx_word' id='word_1_245' title='bbox 571 2494 708 2554; x_wconf 89' lang='lat' dir='ltr'><strong>caninam</strong></span> <span class='ocrx_word' id='word_1_246' title='bbox 723 2495 854 2555; x_wconf 91' lang='lat' dir='ltr'><strong>comedi:</strong></span> <span class='ocrx_word' id='word_1_247' title='bbox 870 2495 961 2556; x_wconf 91' lang='lat' dir='ltr'><strong>durae</strong></span> <span class='ocrx_word' id='word_1_248' title='bbox 975 2495 1088 2556; x_wconf 89' lang='lat' dir='ltr'><strong>buccae</strong></span> <span class='ocrx_word' id='word_1_249' title='bbox 1103 2495 1173 2568; x_wconf 84' lang='lat' dir='ltr'><strong>fuit,</strong></span> <span class='ocrx_word' id='word_1_250' title='bbox 1188 2495 1307 2574; x_wconf 80' lang='lat' dir='ltr'><strong>linguo-</strong></span> 
     </span>
     <span class='ocr_line' id='line_1_28' title="bbox 234 2578 1307 2654; baseline 0.002 -14"><span class='ocrx_word' id='word_1_251' title='bbox 234 2597 300 2652; x_wconf 82' lang='lat' dir='ltr'><strong>sus,</strong></span> <span class='ocrx_word' id='word_1_252' title='bbox 316 2578 477 2651; x_wconf 80' lang='lat' dir='ltr'><strong>discordia,</strong></span> <span class='ocrx_word' id='word_1_253' title='bbox 492 2597 555 2638; x_wconf 90' lang='lat' dir='ltr'><strong>non</strong></span> <span class='ocrx_word' id='word_1_254' title='bbox 572 2579 670 2638; x_wconf 90' lang='lat' dir='ltr'><strong>homo.</strong></span> <span class='ocrx_word' id='word_1_255' title='bbox 698 2580 792 2640; x_wconf 86' lang='lat' dir='ltr'><strong>frater</strong></span> <span class='ocrx_word' id='word_1_256' title='bbox 805 2579 869 2642; x_wconf 87' lang='lat' dir='ltr'><strong>eius</strong></span> <span class='ocrx_word' id='word_1_257' title='bbox 884 2579 968 2640; x_wconf 83' lang='lat' dir='ltr'><strong>sortis</strong></span> <span class='ocrx_word' id='word_1_258' title='bbox 982 2580 1053 2654; x_wconf 81' lang='lat' dir='ltr'><strong>luit,</strong></span> <span class='ocrx_word' id='word_1_259' title='bbox 1074 2580 1187 2641; x_wconf 86' lang='lat' dir='ltr'><strong>amicus</strong></span> <span class='ocrx_word' id='word_1_260' title='bbox 1201 2581 1307 2654; x_wconf 89' lang='lat' dir='ltr'><strong>amico,</strong></span> 
     </span>
     <span class='ocr_line' id='line_1_29' title="bbox 233 2664 1307 2744; baseline 0.003 -20"><span class='ocrx_word' id='word_1_261' title='bbox 233 2681 325 2724; x_wconf 88' lang='lat' dir='ltr'><strong>manu</strong></span> <span class='ocrx_word' id='word_1_262' title='bbox 339 2664 444 2743; x_wconf 86' lang='lat' dir='ltr'><strong>plena,</strong></span> <span class='ocrx_word' id='word_1_263' title='bbox 459 2672 550 2722; x_wconf 89' lang='lat' dir='ltr'><strong>uncta</strong></span> <span class='ocrx_word' id='word_1_264' title='bbox 565 2679 674 2723; x_wconf 90' lang='lat' dir='ltr'><strong>mensa.</strong></span> <span class='ocrx_word' id='word_1_265' title='bbox 709 2664 832 2727; x_wconf 84' lang='lat' dir='ltr'><strong>etinter</strong></span> <span class='ocrx_word' id='word_1_266' title='bbox 845 2665 928 2726; x_wconf 90' lang='lat' dir='ltr'><strong>initia</strong></span> <span class='ocrx_word' id='word_1_267' title='bbox 944 2665 1047 2726; x_wconf 82' lang='lat' dir='ltr'><strong>malem</strong></span> <span class='ocrx_word' id='word_1_268' title='bbox 1063 2683 1182 2744; x_wconf 90' lang='lat' dir='ltr'><strong>parram</strong></span> <span class='ocrx_word' id='word_1_269' title='bbox 1196 2665 1307 2744; x_wconf 77' lang='lat' dir='ltr'><strong>pilavit</strong></span> 
     </span>
     <span class='ocr_line' id='line_1_30' title="bbox 234 2746 1307 2828; baseline 0.003 -19"><span class='ocrx_word' id='word_1_270' title='bbox 234 2749 285 2809; x_wconf 90' lang='lat' dir='ltr'><strong>sed</strong></span> <span class='ocrx_word' id='word_1_271' title='bbox 299 2747 462 2809; x_wconf 84' lang='lat' dir='ltr'><strong>recorrexit</strong></span> <span class='ocrx_word' id='word_1_272' title='bbox 477 2754 571 2808; x_wconf 82' lang='lat' dir='ltr'><strong>costas</strong></span> <span class='ocrx_word' id='word_1_273' title='bbox 585 2746 664 2809; x_wconf 90' lang='lat' dir='ltr'><strong>illius</strong></span> <span class='ocrx_word' id='word_1_274' title='bbox 678 2749 772 2828; x_wconf 85' lang='lat' dir='ltr'><strong>prima</strong></span> <span class='ocrx_word' id='word_1_275' title='bbox 786 2749 947 2826; x_wconf 82' lang='lat' dir='ltr'><strong>vindemia3</strong></span> <span class='ocrx_word' id='word_1_276' title='bbox 961 2750 1093 2812; x_wconf 88' lang='lat' dir='ltr'><strong>vendidit</strong></span> <span class='ocrx_word' id='word_1_277' title='bbox 1103 2750 1183 2812; x_wconf 91' lang='lat' dir='ltr'><strong>enim</strong></span> <span class='ocrx_word' id='word_1_278' title='bbox 1193 2750 1307 2825; x_wconf 88' lang='lat' dir='ltr'><strong>vinum,</strong></span> 
     </span>
     <span class='ocr_line' id='line_1_31' title="bbox 235 2831 1347 2912; baseline 0.002 -20"><span class='ocrx_word' id='word_1_279' title='bbox 235 2833 336 2910; x_wconf 88' lang='lat' dir='ltr'><strong>quanti</strong></span> <span class='ocrx_word' id='word_1_280' title='bbox 354 2832 419 2912; x_wconf 89' lang='lat' dir='ltr'><strong>ipse</strong></span> <span class='ocrx_word' id='word_1_281' title='bbox 433 2831 533 2892; x_wconf 84' lang='lat' dir='ltr'><strong>voluit.</strong></span> <span class='ocrx_word' id='word_1_282' title='bbox 570 2841 599 2893; x_wconf 89' lang='lat' dir='ltr'><strong>et</strong></span> <span class='ocrx_word' id='word_1_283' title='bbox 614 2833 693 2912; x_wconf 88' lang='lat' dir='ltr'><strong>quod</strong></span> <span class='ocrx_word' id='word_1_284' title='bbox 709 2833 786 2896; x_wconf 89' lang='lat' dir='ltr'><strong>illius</strong></span> <span class='ocrx_word' id='word_1_285' title='bbox 806 2844 940 2897; x_wconf 91' lang='lat' dir='ltr'><strong>mentum</strong></span> <span class='ocrx_word' id='word_1_286' title='bbox 958 2835 1092 2910; x_wconf 79' lang='lat' dir='ltr'><strong>sustulit,</strong></span> <span class='ocrx_word' id='word_1_287' title='bbox 1114 2835 1307 2898; x_wconf 85' lang='lat' dir='ltr'><strong>hereditatem</strong></span> <span class='ocrx_word' id='word_1_288' title='bbox 1321 2845 1347 2894; x_wconf 78' lang='lat' dir='ltr'><strong>ac</strong></span> 
     </span>
     <span class='ocr_line' id='line_1_32' title="bbox 234 2917 1306 3000; baseline 0.007 -23"><span class='ocrx_word' id='word_1_289' title='bbox 234 2919 354 2998; x_wconf 82' lang='lat' dir='ltr'><strong>accepit,</strong></span> <span class='ocrx_word' id='word_1_290' title='bbox 370 2937 406 2978; x_wconf 83' lang='lat' dir='ltr'><strong>ex</strong></span> <span class='ocrx_word' id='word_1_291' title='bbox 421 2935 478 2996; x_wconf 90' lang='lat' dir='ltr'><strong>qua</strong></span> <span class='ocrx_word' id='word_1_292' title='bbox 494 2917 562 2996; x_wconf 90' lang='lat' dir='ltr'><strong>plus</strong></span> <span class='ocrx_word' id='word_1_293' title='bbox 576 2918 721 2994; x_wconf 83' lang='lat' dir='ltr'><strong>involavit,</strong></span> <span class='ocrx_word' id='word_1_294' title='bbox 737 2939 825 2999; x_wconf 89' lang='lat' dir='ltr'><strong>quam</strong></span> <span class='ocrx_word' id='word_1_295' title='bbox 838 2921 879 2982; x_wconf 91' lang='lat' dir='ltr'><strong>illi</strong></span> <span class='ocrx_word' id='word_1_296' title='bbox 891 2921 1091 2982; x_wconf 91' lang='lat' dir='ltr'><strong>relictumest.</strong></span> <span class='ocrx_word' id='word_1_297' title='bbox 1120 2931 1151 2980; x_wconf 87' lang='lat' dir='ltr'><strong>et</strong></span> <span class='ocrx_word' id='word_1_298' title='bbox 1162 2920 1210 2982; x_wconf 93' lang='lat' dir='ltr'><strong>ille</strong></span> <span class='ocrx_word' id='word_1_299' title='bbox 1222 2922 1306 3000; x_wconf 87' lang='lat' dir='ltr'><strong>stips,</strong></span> 
     </span>
     <span class='ocr_line' id='line_1_33' title="bbox 233 3003 1307 3086; baseline 0.006 -23"><span class='ocrx_word' id='word_1_300' title='bbox 233 3003 304 3064; x_wconf 87' lang='lat' dir='ltr'><strong>dum</strong></span> <span class='ocrx_word' id='word_1_301' title='bbox 318 3003 401 3064; x_wconf 81' lang='lat' dir='ltr'><strong>fratri</strong></span> <span class='ocrx_word' id='word_1_302' title='bbox 417 3022 470 3064; x_wconf 91' lang='lat' dir='ltr'><strong>suo</strong></span> <span class='ocrx_word' id='word_1_303' title='bbox 486 3003 631 3079; x_wconf 77' lang='lat' dir='ltr'><strong>irascitur,</strong></span> <span class='ocrx_word' id='word_1_304' title='bbox 650 3005 752 3067; x_wconf 88' lang='lat' dir='ltr'><strong>nescio</strong></span> <span class='ocrx_word' id='word_1_305' title='bbox 768 3006 816 3066; x_wconf 89' lang='lat' dir='ltr'><strong>oui</strong></span> <span class='ocrx_word' id='word_1_306' title='bbox 831 3013 927 3067; x_wconf 82' lang='lat' dir='ltr'><strong>terrae</strong></span> <span class='ocrx_word' id='word_1_307' title='bbox 942 3005 1005 3066; x_wconf 86' lang='lat' dir='ltr'><strong>filio</strong></span> <span class='ocrx_word' id='word_1_308' title='bbox 1017 3005 1229 3086; x_wconf 87' lang='lat' dir='ltr'><strong>patrimonium</strong></span> <span class='ocrx_word' id='word_1_309' title='bbox 1246 3007 1307 3068; x_wconf 89' lang='lat' dir='ltr'><strong>ele·</strong></span> 
     </span>
     <span class='ocr_line' id='line_1_34' title="bbox 233 3089 1306 3172; baseline 0.003 -22"><span class='ocrx_word' id='word_1_310' title='bbox 233 3089 318 3167; x_wconf 84' lang='lat' dir='ltr'><strong>gavit.</strong></span> <span class='ocrx_word' id='word_1_311' title='bbox 354 3089 444 3168; x_wconf 85' lang='lat' dir='ltr'><strong>longe</strong></span> <span class='ocrx_word' id='word_1_312' title='bbox 465 3089 557 3168; x_wconf 77' lang='lat' dir='ltr'><strong>fugit,</strong></span> <span class='ocrx_word' id='word_1_313' title='bbox 578 3089 712 3168; x_wconf 87' lang='lat' dir='ltr'><strong>quisquis</strong></span> <span class='ocrx_word' id='word_1_314' title='bbox 732 3109 801 3152; x_wconf 91' lang='lat' dir='ltr'><strong>suos</strong></span> <span class='ocrx_word' id='word_1_315' title='bbox 816 3092 899 3172; x_wconf 80' lang='lat' dir='ltr'><strong>fugit.</strong></span> <span class='ocrx_word' id='word_1_316' title='bbox 935 3090 1039 3152; x_wconf 90' lang='lat' dir='ltr'><strong>hahuit</strong></span> <span class='ocrx_word' id='word_1_317' title='bbox 1057 3099 1154 3151; x_wconf 90' lang='lat' dir='ltr'><strong>autem</strong></span> <span class='ocrx_word' id='word_1_318' title='bbox 1170 3093 1306 3153; x_wconf 84' lang='lat' dir='ltr'><strong>oracula·</strong></span> 
     </span>
     <span class='ocr_line' id='line_1_35' title="bbox 233 3174 1361 3266; baseline 0.004 -32"><span class='ocrx_word' id='word_1_319' title='bbox 233 3175 293 3236; x_wconf 90' lang='lat' dir='ltr'><strong>rios</strong></span> <span class='ocrx_word' id='word_1_320' title='bbox 307 3193 422 3248; x_wconf 82' lang='lat' dir='ltr'><strong>servos,</strong></span> <span class='ocrx_word' id='word_1_321' title='bbox 439 3174 489 3253; x_wconf 92' lang='lat' dir='ltr'><strong>qui</strong></span> <span class='ocrx_word' id='word_1_322' title='bbox 504 3174 587 3235; x_wconf 91' lang='lat' dir='ltr'><strong>illum</strong></span> <span class='ocrx_word' id='word_1_323' title='bbox 601 3193 719 3254; x_wconf 90' lang='lat' dir='ltr'><strong>pessum</strong></span> <span class='ocrx_word' id='word_1_324' title='bbox 735 3176 890 3239; x_wconf 84' lang='lat' dir='ltr'><strong>dederunt.</strong></span> <span class='ocrx_word' id='word_1_325' title='bbox 911 3175 915 3259; x_wconf 87' lang='grc' dir='ltr'>Ι</span> <span class='ocrx_word' id='word_1_326' title='bbox 941 3193 1096 3266; x_wconf 77' lang='lat' dir='ltr'><strong>nunquqm</strong></span> <span class='ocrx_word' id='word_1_327' title='bbox 1110 3181 1207 3235; x_wconf 89' lang='lat' dir='ltr'><strong>autem</strong></span> <span class='ocrx_word' id='word_1_328' title='bbox 1223 3186 1306 3239; x_wconf 87' lang='lat' dir='ltr'><strong>recte</strong></span> <span class='ocrx_word' id='word_1_329' title='bbox 1321 3177 1361 3231; x_wconf 74' lang='lat' dir='ltr'><strong>Hb</strong></span> 
     </span>
     <span class='ocr_line' id='line_1_36' title="bbox 232 3255 1363 3340; baseline 0.002 -22"><span class='ocrx_word' id='word_1_330' title='bbox 232 3259 334 3331; x_wconf 80' lang='lat' dir='ltr'><strong>faciet,</strong></span> <span class='ocrx_word' id='word_1_331' title='bbox 357 3259 407 3338; x_wconf 93' lang='lat' dir='ltr'><strong>qui</strong></span> <span class='ocrx_word' id='word_1_332' title='bbox 423 3259 481 3320; x_wconf 92' lang='lat' dir='ltr'><strong>oitc</strong></span> <span class='ocrx_word' id='word_1_333' title='bbox 498 3259 605 3333; x_wconf 84' lang='lat' dir='ltr'><strong>credit,</strong></span> <span class='ocrx_word' id='word_1_334' title='bbox 625 3257 630 3340; x_wconf 89' lang='grc' dir='ltr'>Ι</span> <span class='ocrx_word' id='word_1_335' title='bbox 656 3259 760 3339; x_wconf 92' lang='lat' dir='ltr'><strong>utique</strong></span> <span class='ocrx_word' id='word_1_336' title='bbox 773 3255 863 3323; x_wconf 85' lang='lat' dir='ltr'><strong>homo</strong></span> <span class='ocrx_word' id='word_1_337' title='bbox 879 3261 1043 3340; x_wconf 85' lang='lat' dir='ltr'><strong>negotians.</strong></span> <span class='ocrx_word' id='word_1_338' title='bbox 1081 3269 1180 3320; x_wconf 88' lang='lat' dir='ltr'><strong>tamen</strong></span> <span class='ocrx_word' id='word_1_339' title='bbox 1201 3280 1306 3323; x_wconf 89' lang='lat' dir='ltr'><strong>verum</strong></span> <span class='ocrx_word' id='word_1_340' title='bbox 1320 3264 1363 3320; x_wconf 70' lang='lat'><strong>358</strong></span> 
     </span>
     <span class='ocr_line' id='line_1_37' title="bbox 234 3343 1305 3424; baseline 0.006 -20"><span class='ocrx_word' id='word_1_341' title='bbox 234 3343 313 3422; x_wconf 91' lang='lat' dir='ltr'><strong>quod</strong></span> <span class='ocrx_word' id='word_1_342' title='bbox 328 3343 457 3404; x_wconf 82' lang='lat' dir='ltr'><strong>frunitus</strong></span> <span class='ocrx_word' id='word_1_343' title='bbox 472 3352 532 3419; x_wconf 91' lang='lat' dir='ltr'><strong>est,</strong></span> <span class='ocrx_word' id='word_1_344' title='bbox 548 3363 636 3424; x_wconf 90' lang='lat' dir='ltr'><strong>quam</strong></span> <span class='ocrx_word' id='word_1_345' title='bbox 651 3344 701 3406; x_wconf 92' lang='lat' dir='ltr'><strong>diu</strong></span> <span class='ocrx_word' id='word_1_346' title='bbox 716 3346 787 3407; x_wconf 85' lang='lat' dir='ltr'><strong>vixit</strong></span> <span class='ocrx_word' id='word_1_347' title='bbox 981 3345 1029 3406; x_wconf 90' lang='lat' dir='ltr'><strong>cui</strong></span> <span class='ocrx_word' id='word_1_348' title='bbox 1045 3346 1145 3406; x_wconf 91' lang='lat' dir='ltr'><strong>datum</strong></span> <span class='ocrx_word' id='word_1_349' title='bbox 1160 3354 1220 3421; x_wconf 88' lang='lat' dir='ltr'><strong>est,</strong></span> <span class='ocrx_word' id='word_1_350' title='bbox 1243 3367 1305 3410; x_wconf 91' lang='lat' dir='ltr'><strong>non</strong></span> 
     </span>
     <span class='ocr_line' id='line_1_38' title="bbox 233 3428 1306 3512; baseline 0.004 -22"><span class='ocrx_word' id='word_1_351' title='bbox 233 3428 281 3490; x_wconf 92' lang='lat' dir='ltr'><strong>cui</strong></span> <span class='ocrx_word' id='word_1_352' title='bbox 296 3428 484 3489; x_wconf 89' lang='lat' dir='ltr'><strong>destinatum.</strong></span> <span class='ocrx_word' id='word_1_353' title='bbox 519 3429 607 3508; x_wconf 89' lang='lat' dir='ltr'><strong>plane</strong></span> <span class='ocrx_word' id='word_1_354' title='bbox 623 3429 772 3493; x_wconf 85' lang='lat' dir='ltr'><strong>Fortunae</strong></span> <span class='ocrx_word' id='word_1_355' title='bbox 792 3432 885 3506; x_wconf 84' lang='lat' dir='ltr'><strong>lilius,</strong></span> <span class='ocrx_word' id='word_1_356' title='bbox 905 3433 937 3493; x_wconf 89' lang='lat' dir='ltr'><strong>in</strong></span> <span class='ocrx_word' id='word_1_357' title='bbox 953 3449 1044 3492; x_wconf 92' lang='lat' dir='ltr'><strong>manu</strong></span> <span class='ocrx_word' id='word_1_358' title='bbox 1058 3431 1135 3494; x_wconf 89' lang='lat' dir='ltr'><strong>illius</strong></span> <span class='ocrx_word' id='word_1_359' title='bbox 1149 3433 1306 3512; x_wconf 90' lang='lat' dir='ltr'><strong>plumbum</strong></span> 
     </span>
     <span class='ocr_line' id='line_1_39' title="bbox 232 3512 1307 3596; baseline 0.005 -21"><span class='ocrx_word' id='word_1_360' title='bbox 232 3512 449 3575; x_wconf 86' lang='lat' dir='ltr'><strong>aurumfiehat.</strong></span> <span class='ocrx_word' id='word_1_361' title='bbox 486 3514 571 3576; x_wconf 79' lang='lat' dir='ltr'><strong>facile</strong></span> <span class='ocrx_word' id='word_1_362' title='bbox 586 3522 757 3592; x_wconf 79' lang='lat' dir='ltr'><strong>celantem,</strong></span> <span class='ocrx_word' id='word_1_363' title='bbox 773 3515 825 3577; x_wconf 90' lang='lat' dir='ltr'><strong>uhi</strong></span> <span class='ocrx_word' id='word_1_364' title='bbox 838 3517 937 3578; x_wconf 90' lang='lat' dir='ltr'><strong>omnia</strong></span> <span class='ocrx_word' id='word_1_365' title='bbox 951 3517 1092 3596; x_wconf 87' lang='lat' dir='ltr'><strong>quadrata</strong></span> <span class='ocrx_word' id='word_1_366' title='bbox 1107 3525 1242 3578; x_wconf 90' lang='lat' dir='ltr'><strong>currunt.</strong></span> <span class='ocrx_word' id='word_1_367' title='bbox 1277 3527 1307 3580; x_wconf 89' lang='lat' dir='ltr'><strong>et</strong></span> 
     </span>
     <span class='ocr_line' id='line_1_40' title="bbox 233 3598 1305 3682; baseline 0.004 -21"><span class='ocrx_word' id='word_1_368' title='bbox 233 3608 306 3680; x_wconf 90' lang='lat' dir='ltr'><strong>quot</strong></span> <span class='ocrx_word' id='word_1_369' title='bbox 319 3608 407 3679; x_wconf 86' lang='lat' dir='ltr'><strong>putas</strong></span> <span class='ocrx_word' id='word_1_370' title='bbox 420 3598 502 3659; x_wconf 90' lang='lat' dir='ltr'><strong>illum</strong></span> <span class='ocrx_word' id='word_1_371' title='bbox 515 3617 610 3660; x_wconf 88' lang='lat' dir='ltr'><strong>annos</strong></span> <span class='ocrx_word' id='word_1_372' title='bbox 624 3619 725 3663; x_wconf 89' lang='lat' dir='ltr'><strong>secum</strong></span> <span class='ocrx_word' id='word_1_373' title='bbox 736 3599 860 3663; x_wconf 78' lang='lat' dir='ltr'><strong>tulisse?</strong></span> <span class='ocrx_word' id='word_1_374' title='bbox 886 3602 1072 3682; x_wconf 81' lang='lat' dir='ltr'><strong>septuaginta</strong></span> <span class='ocrx_word' id='word_1_375' title='bbox 1084 3611 1113 3662; x_wconf 91' lang='lat' dir='ltr'><strong>et</strong></span> <span class='ocrx_word' id='word_1_376' title='bbox 1123 3619 1223 3681; x_wconf 90' lang='lat' dir='ltr'><strong>supra.</strong></span> <span class='ocrx_word' id='word_1_377' title='bbox 1252 3605 1305 3665; x_wconf 88' lang='lat' dir='ltr'><strong>sed</strong></span> 
     </span>
    </p>
   </div>
   <div class='ocr_carea' id='block_1_3' title="bbox 191 3735 435 3751">
    <p class='ocr_par' dir='ltr' id='par_1_8' title="bbox 191 3735 435 3751">
     <span class='ocr_line' id='line_1_41' title="bbox 191 3735 435 3751; baseline -0.004 -6"><span class='ocrx_word' id='word_1_378' title='bbox 191 3741 194 3751; x_wconf 67' lang='lat' dir='ltr'><em>s</em></span> <span class='ocrx_word' id='word_1_379' title='bbox 233 3735 435 3745; x_wconf 54' lang='grc' dir='ltr'><strong>..ψ-</strong></span> 
     </span>
    </p>
   </div>
   <div class='ocr_carea' id='block_1_4' title="bbox 231 3815 1307 4021">
    <p class='ocr_par' dir='ltr' id='par_1_9' title="bbox 231 3815 1307 4021">
     <span class='ocr_line' id='line_1_42' title="bbox 317 3815 1307 3938; baseline 0.004 -69"><span class='ocrx_word' id='word_1_380' title='bbox 317 3821 333 3869; x_wconf 82' lang='grc'><strong>4</strong></span> <span class='ocrx_word' id='word_1_381' title='bbox 345 3817 490 3869; x_wconf 87' lang='lat' dir='ltr'><strong>halaniscus</strong></span> <span class='ocrx_word' id='word_1_382' title='bbox 502 3817 639 3869; x_wconf 80' lang='lat' dir='ltr'><strong>Reiacaius</strong></span> <span class='ocrx_word' id='word_1_383' title='bbox 651 3815 661 3886; x_wconf 91' lang='grc' dir='ltr'><strong>ΙΙ</strong></span> <span class='ocrx_word' id='word_1_384' title='bbox 672 3821 687 3872; x_wconf 89' lang='grc'>8</span> <span class='ocrx_word' id='word_1_385' title='bbox 700 3818 751 3938; x_wconf 75' lang='lat' dir='ltr'><strong>heq</strong></span> <span class='ocrx_word' id='word_1_386' title='bbox 767 3824 807 3870; x_wconf 87' lang='lat' dir='ltr'><strong>est</strong></span> <span class='ocrx_word' id='word_1_387' title='bbox 819 3819 871 3886; x_wconf 87' lang='lat' dir='ltr'><strong>hey</strong></span> <span class='ocrx_word' id='word_1_388' title='bbox 881 3818 891 3882; x_wconf 88' lang='grc' dir='ltr'><strong>ΙΙ</strong></span> <span class='ocrx_word' id='word_1_389' title='bbox 906 3822 938 3872; x_wconf 80' lang='grc'><strong>18</strong></span> <span class='ocrx_word' id='word_1_390' title='bbox 949 3817 1059 3871; x_wconf 85' lang='lat' dir='ltr'><strong>lemince</strong></span> <span class='ocrx_word' id='word_1_391' title='bbox 1071 3819 1125 3871; x_wconf 84' lang='lat' dir='ltr'><strong>Iac.</strong></span> <span class='ocrx_word' id='word_1_392' title='bbox 1137 3820 1289 3873; x_wconf 74' lang='lat' dir='ltr'><strong>Gronovius</strong></span> <span class='ocrx_word' id='word_1_393' title='bbox 1297 3823 1307 3888; x_wconf 91' lang='grc' dir='ltr'><strong>ΙΙ</strong></span> 
     </span>
     <span class='ocr_line' id='line_1_43' title="bbox 235 3885 1307 3956; baseline 0.007 -20"><span class='ocrx_word' id='word_1_394' title='bbox 235 3887 265 3937; x_wconf 80' lang='grc'><strong>19</strong></span> <span class='ocrx_word' id='word_1_395' title='bbox 283 3885 383 3936; x_wconf 86' lang='lat' dir='ltr'><strong>anticus</strong></span> <span class='ocrx_word' id='word_1_396' title='bbox 400 3885 598 3947; x_wconf 72' lang='lat' dir='ltr'><strong>Hirschfeldiue</strong></span> <span class='ocrx_word' id='word_1_397' title='bbox 613 3885 623 3953; x_wconf 83' lang='grc' dir='ltr'><strong>ΙΙ</strong></span> <span class='ocrx_word' id='word_1_398' title='bbox 641 3889 673 3939; x_wconf 78' lang='lat'><strong>20</strong></span> <span class='ocrx_word' id='word_1_399' title='bbox 692 3887 736 3953; x_wconf 89' lang='lat' dir='ltr'><strong>phi</strong></span> <span class='ocrx_word' id='word_1_400' title='bbox 748 3901 806 3939; x_wconf 83' lang='lat' dir='ltr'><strong>eros</strong></span> <span class='ocrx_word' id='word_1_401' title='bbox 823 3888 867 3954; x_wconf 92' lang='lat' dir='ltr'><strong>qui</strong></span> <span class='ocrx_word' id='word_1_402' title='bbox 879 3885 889 3954; x_wconf 86' lang='grc' dir='ltr'><strong>ΙΙ</strong></span> <span class='ocrx_word' id='word_1_403' title='bbox 910 3889 942 3939; x_wconf 77' lang='lat'><strong>28</strong></span> <span class='ocrx_word' id='word_1_404' title='bbox 959 3889 1037 3938; x_wconf 85' lang='lat' dir='ltr'><strong>uncta</strong></span> <span class='ocrx_word' id='word_1_405' title='bbox 1055 3888 1131 3954; x_wconf 83' lang='lat' dir='ltr'><strong>plena</strong></span> <span class='ocrx_word' id='word_1_406' title='bbox 1146 3885 1157 3956; x_wconf 77' lang='grc' dir='ltr'><strong>ΙΙ</strong></span> <span class='ocrx_word' id='word_1_407' title='bbox 1173 3889 1205 3941; x_wconf 81' lang='grc'><strong>30</strong></span> <span class='ocrx_word' id='word_1_408' title='bbox 1242 3904 1307 3942; x_wconf 83' lang='lat' dir='ltr'><strong>uan-</strong></span> 
     </span>
     <span class='ocr_line' id='line_1_44' title="bbox 231 3905 1307 4021; baseline 0.006 -17"><span class='ocrx_word' id='word_1_409' title='bbox 231 3958 285 4005; x_wconf 86' lang='lat' dir='ltr'><strong>tum</strong></span> <span class='ocrx_word' id='word_1_410' title='bbox 296 3949 307 4021; x_wconf 89' lang='grc' dir='ltr'><strong>ΙΙ</strong></span> <span class='ocrx_word' id='word_1_411' title='bbox 324 3953 356 4005; x_wconf 83' lang='grc'><strong>33</strong></span> <span class='ocrx_word' id='word_1_412' title='bbox 375 3953 523 4018; x_wconf 86' lang='lat' dir='ltr'><strong>oricularios</strong></span> <span class='ocrx_word' id='word_1_413' title='bbox 534 3952 690 4020; x_wconf 61' lang='lat' dir='ltr'><strong>hainoensi}</strong></span> <span class='ocrx_word' id='word_1_414' title='bbox 704 3957 736 4008; x_wconf 82' lang='lat'><strong>36</strong></span> <span class='ocrx_word' id='word_1_415' title='bbox 755 3954 797 4006; x_wconf 89' lang='lat' dir='ltr'><strong>cui</strong></span> <span class='ocrx_word' id='word_1_416' title='bbox 814 3953 902 4008; x_wconf 81' lang='lat' dir='ltr'><strong>dutum</strong></span> <span class='ocrx_word' id='word_1_417' title='bbox 919 3958 967 4020; x_wconf 89' lang='lat' dir='ltr'><strong>est,</strong></span> <span class='ocrx_word' id='word_1_418' title='bbox 985 3953 1073 4008; x_wconf 83' lang='lat' dir='ltr'><strong>datum</strong></span> <span class='ocrx_word' id='word_1_419' title='bbox 1090 3959 1130 4009; x_wconf 86' lang='lat' dir='ltr'><strong>est</strong></span> <span class='ocrx_word' id='word_1_420' title='bbox 1142 3905 1307 4010; x_wconf 68' lang='lat' dir='ltr'><strong>Mennim</strong></span> 
     </span>
    </p>
   </div>
   <div class='ocr_carea' id='block_1_5' title="bbox 0 0 1390 4470">
    <p class='ocr_par' dir='ltr' id='par_1_10' title="bbox 0 0 1390 4470">
     <span class='ocr_line' id='line_1_45' title="bbox 0 0 1390 4470; baseline 0 0"><span class='ocrx_word' id='word_1_421' title='bbox 0 0 1390 4470; x_wconf 95' lang='lat' dir='ltr'><strong> </strong></span> 
     </span>
    </p>
   </div>
  </div>
 </body>
</html>
