2780 4480
570 189 710 244 efflaret

209 363 261 428 sed
277 383 344 426 cum
361 371 394 426 tu
409 365 506 444 posito
522 364 595 426 deus
608 364 723 444 pudore

211 450 350 512 ostendas
364 449 436 511 mihi
451 449 552 512 coleos
565 457 710 531 patentes,

209 553 278 596 oum
294 553 395 597 cunno
410 535 482 596 mihi
498 534 628 595 mentula
644 542 689 595 est
703 535 842 596 vocanda

594 702 674 764 XXX

208 805 304 867 ‘Falce
319 805 419 867 minax
434 814 463 866 et
478 813 561 885 parte
575 806 619 866 tui
634 805 754 879 maiore,
770 805 886 885 Priape,

254 890 290 951 ad
304 892 427 966 iontem,
443 909 562 970 quaeso,
577 890 624 951 dic
638 889 709 952 mihi
725 908 783 968 qua
797 891 835 952 sit
849 889 925 953 iter!

206 975 279 1037 rade
290 993 345 1056 per
358 976 412 1038 has
426 975 508 1050 vites,
524 993 650 1054 quarum
662 976 686 1036 si
701 976 846 1055 carpseris
861 993 956 1048 uvam,

254 1079 308 1122 our
322 1061 407 1122 aliter
421 1078 528 1135 sumas,
542 1059 662 1140 hospes,
677 1058 800 1123 habebis
815 1079 931 1139 aquam.
986 1069 990 1078 '

592 1227 685 1289 XXXl

206 1331 308 1394 Donec
323 1339 460 1410 proterva
475 1331 517 1393 nil
531 1332 589 1393 mei
604 1349 694 1392 manu
708 1349 820 1410 carpes,

206 1416 306 1479 licebit
319 1417 383 1496 ipsa
398 1417 438 1478 sis
451 1417 588 1496 pudicior
602 1415 698 1477 Vesta.

205 1502 261 1575 sin,
276 1502 349 1563 haec
364 1501 424 1562 mei
439 1511 468 1563 te
482 1501 594 1564 ventris
608 1519 688 1562 arma
703 1500 854 1574 laxabunt,

206 1586 286 1649 exire
299 1594 333 1647 ut
347 1586 410 1667 ipse
425 1587 461 1650 de
476 1595 528 1648 tuo
544 1603 634 1664 queas
649 1585 726 1646 culo.

583 1754 690 1816 XXXll

205 1855 272 1918 Vris
286 1855 396 1919 aridior
410 1857 507 1936 puella
521 1858 626 1936 passis,

204 1940 284 2002 buxo
299 1941 434 2022 pallidior
448 1961 582 2022 novaque
598 1960 674 2016 cera,
712 2009 714 2014 ,

203 2026 323 2089 collatas
337 2025 392 2089 sihi
409 2045 483 2106 quae
498 2028 619 2106 suisque
634 2025 775 2088 memhris

203 2111 340 2174 formicas
355 2110 423 2173 lacit
437 2112 530 2174 altiles
544 2111 646 2186 rideri,

204 2195 287 2258 cuius
302 2196 414 2258 viscera
429 2216 490 2259 non
507 2205 607 2278 aperta
623 2195 738 2256 'luscus

202 2299 257 2362 per
271 2281 377 2360 pellem
389 2282 500 2361 poterit
512 2281 611 2342 videre
626 2281 783 2359 haruspex,

203 2384 278 2444 quae
293 2385 364 2428 suco
380 2376 460 2428 caret
475 2385 569 2446 usque
584 2365 679 2446 putris
693 2380 811 2445 pumex,

203 2469 289 2512 nemo
303 2449 409 2512 viderit
423 2452 500 2513 hanc
514 2459 547 2512 ut
562 2457 749 2530 expuentem,

202 2554 289 2616 quam
305 2553 361 2616 pro
377 2536 522 2615 sanguine
536 2535 687 2615 pulverem
702 2531 881 2611 scobemque

201 2621 232 2683 in
246 2621 330 2684 venis
344 2621 450 2682 medici
465 2629 571 2700 putant
585 2618 703 2692 hahere,

201 2707 235 2768 ad
251 2724 298 2767 me
313 2714 401 2769 nocte
416 2705 491 2768 solet
502 2705 603 2766 venire
618 2715 648 2766 et
661 2704 747 2764 affert

200 2789 342 2871 pallorem
357 2791 541 2871 maciemque
552 2789 701 2851 larualem.

200 2874 305 2936 ductor
319 2876 434 2938 ferreus
448 2875 667 2954 insulariusque

117 3019 120 3028 ,
201 2959 354 3021 lanternae
370 2960 470 3022 videor
484 2960 590 3021 fricare
605 2977 710 3021 cornu.

570 3125 689 3188 XXXlll

199 3229 305 3291 Naidas
320 3229 433 3308 antiqui
448 3229 636 3310 Dryadasque
650 3228 782 3290 habuere
797 3224 906 3304 Priapi,

247 3322 277 3375 et
292 3333 351 3394 quo
366 3323 447 3376 tenta
462 3313 507 3376 dei
522 3333 598 3377 vena
612 3313 736 3388 subiret,
752 3319 822 3374 erat.

198 3417 281 3460 nunc
296 3398 369 3460 adeo
385 3399 458 3460 nihil
473 3408 526 3475 est,
541 3401 614 3462 adeo
630 3418 695 3461 mea
709 3399 797 3479 plena
811 3393 902 3457 libido
918 3401 971 3466 est,

245 3491 278 3545 ut
292 3484 443 3564 Nymphas
458 3484 555 3547 omnis
569 3483 717 3547 interiisse
725 3491 842 3582 putem.

198 3576 285 3647 turpe
301 3568 419 3648 quidem
435 3569 522 3646 lactu,
538 3572 590 3632 sed
606 3589 644 3631 ne
661 3569 805 3647 tentigine
820 3581 952 3644 rumpar,
1108 3571 1123 3620 t

244 3653 318 3714 laloe
333 3653 404 3715 mihi
418 3654 514 3733 posita
529 3655 580 3715 fiet
594 3655 685 3716 amica
701 3672 816 3715 manus.
1075 3681 1079 3686 ¹

90 3789 296 3800 ..-...--——

175 3868 246 3922 XXX
258 3871 274 3922 3
292 3870 420 3922 adolator-
431 3884 496 3924 uras
509 3869 515 3940 1
529 3873 546 3925 t
558 3883 645 3950 aquas
650 3869 722 3938 alit!
734 3865 815 3920 XXlll
826 3870 842 3920 4
854 3866 862 3917 i
883 3880 909 3918 se
921 3864 932 3932 l
945 3862 1036 3918 XXXll
1048 3865 1061 3915 l
1081 3877 1165 3932 usqne

88 3953 194 4008 qnoque
215 3953 311 4006 pumex
329 3939 475 4008 tarnptooil
494 3940 523 3992 tt
541 3937 661 3992 insularis
681 3950 763 4006 aeque
775 3935 791 4005 ΙΙ
798 3935 867 3989 XXX
919 3935 934 3988 6
955 3934 1022 3988 lalce
1042 3947 1119 3988 manu
