2772 4476
227 201 268 264 34
684 201 838 256 PETRONll

227 373 378 458 congessit
393 383 422 437 et
437 393 485 438 eas
500 375 647 451 incendit;
669 377 762 437 factae
778 375 893 437 suntin
908 389 1002 435 unum
1018 391 1085 436 aera
1100 374 1297 436 miscellanea.
1314 381 1339 430 11

227 465 267 526 ita
282 481 318 524 ex
332 463 388 522 bac
403 479 496 523 massa
511 459 586 522 fabri
608 461 793 523 sustulerunt
813 469 843 522 et
857 461 993 521 fecerunt
1008 459 1103 520 catilla
1118 467 1148 520 et
1162 460 1298 540 paropsi-

227 550 279 611 des
294 559 321 612 et
335 546 510 609 statuncula.
540 545 582 607 sio
595 545 754 607 Corinthea
770 553 836 607 nata
852 552 931 618 sunt,
947 563 982 605 ex
999 544 1137 606 omnibus
1151 544 1297 619 inunum,

228 651 285 696 neo
299 635 357 694 hoe
372 650 429 693 nee
444 631 524 692 illud.
555 631 715 711 ignoscetis
729 631 816 706 mihi,
837 630 917 710 quod
932 630 1049 692 dixero:
1064 647 1120 708 ego
1135 630 1212 691 malo
1228 631 1299 692 mihi

225 719 328 794 vitrea,
344 726 424 780 certe
440 735 501 777 non
518 714 612 778 olunt.
643 717 722 796 quod
739 715 763 778 si
779 734 840 778 non
857 717 1081 795 frangerentur,
1096 715 1212 776 mallem
1228 715 1331 776 mihi5
1366 753 1367 780 l

168 806 206 868 51
228 822 315 884 quam
331 820 453 876 aurum;
476 819 557 863 nunc
577 810 675 863 autem
695 801 761 863 vilia
779 810 857 863 sunt.
888 802 944 861 fuit
963 808 1061 861 tamen
1084 801 1167 861 faber
1189 801 1241 880 qui
1256 802 1298 862 fe·
1366 803 1367 819 .

228 889 268 950 cit
282 888 409 969 phialam
423 887 561 960 vitream,
583 905 658 966 quae
674 905 734 948 non
752 885 952 966 frangebatur.
983 884 1126 947 admissus
1141 902 1211 966 ergo
1228 885 1299 948 Cae·

226 991 322 1036 sarem
337 982 382 1034 est
395 989 464 1033 cum
478 990 531 1034 suo
548 989 689 1044 munere,
712 971 819 1034 deinde
833 971 903 1034 feeit
917 989 948 1032 se
963 971 1121 1052 porrigere
1136 970 1252 1033 Caesari
1270 979 1300 1032 et

227 1059 306 1123 illam
328 1059 359 1119 in
381 1057 580 1138 pavimentum
602 1057 736 1137 proiecit.
767 1057 873 1119 Caesar
894 1075 956 1118 non
977 1056 1189 1137 pota‘validius
1211 1075 1299 1135 quam

228 1143 351 1224 expavit.
381 1142 479 1204 atille
499 1142 618 1205 sustulit
638 1142 764 1222 phialam
788 1142 824 1203 de
842 1151 936 1217 terra3
959 1141 1060 1203 collisa
1081 1150 1144 1202 erat
1159 1149 1299 1221 tanquam
1320 1152 1345 1203 tt
1367 1161 1368 1192 t

227 1247 327 1292 vasum
349 1245 490 1303 aeneum;
516 1227 623 1288 deinde
643 1227 810 1288 martiolum
833 1227 869 1288 de
890 1227 958 1289 sinu
978 1227 1101 1307 pretulit
1122 1235 1152 1287 et
1172 1228 1300 1307 phialam

229 1316 289 1378 otio
310 1312 386 1375 belle
408 1313 546 1374 correxit.
581 1313 639 1373 hoc
660 1313 737 1374 faeto
758 1312 881 1392 putabat
905 1332 937 1374 se
963 1312 1068 1374 solium
1090 1311 1165 1374 lovis
1186 1321 1300 1384 tencre,

228 1400 330 1477 utique
346 1405 503 1477 postquam
520 1397 625 1460 Caeam
640 1396 681 1459 illi
696 1397 782 1459 dixit:
799 1397 964 1475 “numquid
976 1397 1050 1458 alius
1064 1397 1119 1459 scit
1132 1399 1210 1459 banc
1227 1415 1300 1460 eon-

228 1485 355 1547 dituram
370 1480 572 1544 vitreorum‘f”
600 1482 665 1543 vide
680 1482 780 1544 modo.
809 1491 966 1563 postquam
978 1482 1102 1563 negavit,
1118 1482 1203 1545 iussit
1216 1483 1301 1545 illum

229 1570 334 1632 Caesar
355 1567 509 1629 decollari:
528 1568 597 1646 quia
618 1568 715 1644 enim,
740 1567 765 1629 si
786 1569 892 1630 scitum
915 1575 1006 1642 esset,
1033 1585 1138 1628 aurum
1159 1587 1215 1649 pro
1239 1569 1301 1630 luto
1322 1578 1344 1628 15

169 1652 210 1714 52
227 1655 414 1716 haberemus.
449 1653 479 1714 in
506 1659 630 1732 argento
656 1654 744 1733 plane
769 1653 918 1715 studiosus
944 1671 1019 1714 sum.
1053 1653 1148 1714 habeo
1173 1655 1301 1734 scyphos
1368 1645 1369 1724 l

228 1740 347 1802 urnales
369 1738 436 1819 plus
458 1738 558 1799 minus
583 1738 619 1800 Ue
643 1737 889 1817 quemadmodum
912 1738 1074 1800 Cassandra
1096 1739 1203 1800 occidit
1225 1740 1301 1801 lilios

228 1843 313 1898 suos,
334 1832 364 1885 et
377 1823 463 1903 pueri
477 1823 587 1884 mortui
602 1823 701 1884 iacent
715 1824 757 1885 sic
780 1833 813 1884 ut
826 1824 923 1885 virere
937 1832 1034 1902 putes.
1070 1823 1164 1884 habeo
1183 1823 1300 1904 capides

228 1910 267 1983 M,
283 1925 357 1988 quas
376 1906 497 1986 reliquit
517 1914 645 1988 patrono
665 1925 727 1970 meo
750 1908 923 1982 Mummius,
946 1907 997 1969 ubi
1012 1908 1155 1970 Daedalus
1176 1909 1301 1970 Niobam

228 1995 259 2056 in
276 2010 385 2072 equum
401 1992 564 2053 Troianum
579 1991 713 2054 includit.
743 2011 810 2053 nam
826 1993 1011 2054 Hermerotis
1025 2011 1141 2074 pugnas
1155 2003 1186 2055 et
1201 1995 1302 2056 Petra·
1322 2003 1345 2054 a

228 2079 277 2141 itis
291 2078 322 2139 in
334 2076 449 2157 poculis
461 2075 574 2149 habeo,
595 2076 693 2138 omnia
714 2078 897 2157 ponderosa;
918 2095 1018 2139 meum
1038 2079 1119 2140 enim
1135 2079 1302 2160 intelligere

230 2163 311 2226 nulla
325 2161 453 2243 pecnnia
468 2159 584 2223 vendo.¹
897 2191 901 2201 ·

314 2248 388 2310 haee
402 2247 472 2310 dum
484 2249 583 2322 refert,
599 2265 675 2328 puer
689 2246 810 2309 calicem
822 2246 956 2326 proiecit.
987 2248 1022 2310 ad
1037 2267 1128 2327 quem
1138 2249 1303 2329 respiciens

230 2333 407 2396 Trimalchio
423 2332 501 2395 ‘cito’
516 2333 614 2414 inquit
629 2332 779 2414 ‘teipsum
801 2332 904 2408 caede,
927 2333 996 2412 quia
1011 2352 1110 2413 nugax
1125 2333 1175 2396 es'.
1205 2336 1303 2397 statim

228 2437 305 2502 puer
319 2416 447 2482 demisso
462 2417 544 2480 labro
568 2436 663 2481 orare.
693 2427 723 2478 at
739 2418 788 2479 ille
803 2418 884 2496 ‘quid
904 2419 961 2480 me’
976 2419 1073 2498 inquit
1091 2417 1209 2498 ‘rogosl
1238 2428 1305 2482 tan·
1323 2429 1347 2479 tt

230 2522 319 2584 quam
334 2521 389 2584 ego
401 2503 455 2564 tibi
465 2503 606 2566 molestus
617 2503 682 2565 sim.
712 2502 830 2575 suadeo,
845 2512 903 2565 ate
915 2504 1063 2584 impetres,
1079 2523 1118 2564 ne
1132 2505 1172 2566 sis
1184 2506 1303 2586 nugax’.

229 2589 348 2650 tandem
370 2605 441 2666 ergo
462 2597 601 2650 exoratus
621 2605 638 2648 a
659 2587 747 2649 nobis
767 2587 939 2650 missionem
960 2588 1040 2650 dedit
1053 2607 1157 2668 puero.
1194 2588 1244 2652 ille
1259 2591 1304 2652 di·
1370 2587 1371 2674 l

230 2673 336 2734 missus
352 2671 430 2733 cirea
445 2689 578 2734 mensam
593 2671 783 2753 percucurrit

231 2851 261 2904 et
276 2846 391 2921 ‘aquam
406 2841 500 2915 foras,
521 2840 622 2903 vinum
643 2838 733 2903 intro’
748 2841 883 2903 clamavit
1035 2842 1198 2924 excipimus
1213 2845 1305 2908 urba·
1370 2879 1371 2882 π

230 2927 352 2990 nitatem
367 2925 501 3000 iocantis,
516 2934 630 2988 etanta
645 2945 749 2989 omnes
761 2929 976 3007 Agamemnon,
992 2927 1043 3006 qui
1058 2928 1178 3003 sciebat,
1195 2930 1307 3010 quibus
1326 2940 1350 2989 at

229 3012 342 3076 meritis
368 3019 557 3074 revocaretur
582 3012 618 3073 ad
644 3030 758 3074 cenam.
800 3019 932 3074 ceterum
962 3012 1098 3076 laudatus
1124 3014 1305 3078 Trimalchio

229 3097 351 3161 hilarius
366 3096 441 3159 bibit
456 3105 486 3158 et
508 3097 565 3158 iam
587 3096 669 3158 ebrio
690 3097 842 3178 proximus
864 3097 971 3158 ‘nemo'
985 3097 1083 3178 inquit
1098 3102 1238 3162 ‘vestrum
1254 3121 1306 3164 ro-

230 3192 280 3266 gat
294 3183 487 3245 fortunatam
502 3201 612 3256 meam,
627 3189 662 3243 ut
676 3180 783 3244 saltet?
812 3182 923 3245 credite
938 3181 1026 3245 mihi:
1042 3185 1199 3247 cordacem
1214 3205 1306 3249 nemo

231 3267 336 3330 melius
351 3267 451 3329 ducit’.

231 3361 319 3432 atque
344 3353 407 3432 ipse
432 3351 539 3414 erectis
563 3369 653 3432 snpra
678 3353 808 3413 frcnmm
832 3351 971 3414 manibus
997 3353 1103 3434 Syrum
1129 3355 1307 3418 histrionem
1328 3363 1351 3414 ³5

231 3436 389 3500 exhibebat
396 3436 575 3499 concinente
590 3445 651 3499 tota
661 3436 782 3498 familia:
794 3433 943 3516 Μάδεια,
952 3436 1172 3524 Περιμάδεια.
1192 3449 1307 3522 etpro-

229 3523 320 3587 disset
334 3522 365 3584 in
377 3520 515 3596 medium,
532 3522 588 3584 nisi
599 3522 760 3584 Fortunata
772 3521 807 3584 ad
819 3539 921 3584 aurern
933 3525 1119 3597 accessissem
1136 3519 1188 3609 [et]
1202 3527 1306 3600 credo,

230 3607 337 3673 dixerit
352 3625 413 3670 non
434 3605 540 3668 decere
561 3607 731 3688 gravitatem
752 3607 816 3670 eius
836 3616 897 3670 tam
917 3608 1043 3672 humiles
1063 3609 1199 3692 ineptias.
1230 3613 1307 3674 nihil

318 3763 333 3812 5
351 3763 420 3813 certe
438 3756 579 3825 nolentis
598 3756 659 3811 feeit
679 3757 837 3826 reporrigere
850 3758 860 3828 11
875 3760 905 3811 tt
929 3758 1029 3811 ecloum
1045 3756 1055 3827 ΙΙ
1075 3761 1105 3812 18
1123 3758 1198 3812 sicuti
1218 3776 1282 3815 vere
1303 3762 1309 3830 1

232 3825 348 3894 capidem
366 3841 430 3895 quas
442 3824 545 3894 reliquit
563 3829 729 3894 patronorum
745 3841 818 3880 mens
835 3825 845 3896 l
862 3829 895 3880 20
913 3825 1041 3879 'letraites
1058 3827 1102 3878 hic
1115 3827 1259 3893 gladiator·
1277 3833 1309 3882 ia

230 3895 410 3946 monomentia
425 3897 541 3949 vocanti·
554 3894 703 3962 plurimiell
717 3899 749 3950 at
764 3893 865 3948 labrore
879 3898 918 3946 at:
937 3907 1009 3947 orare
1024 3894 1110 3961 eoepit
1122 3894 1281 3950 Streh‘teiue
1301 3899 1311 3964 ΙΙ

232 3965 263 4016 27
278 3976 339 4029 ergo
354 3965 510 4027 corruptum
522 3977 557 4013 aa
568 3977 629 4015 vero
642 3967 691 4014 aad
700 3965 903 4030 praecesserant
913 3961 969 4012 alia
981 3964 1014 4013 ab
1027 3963 1203 4029 epitomatoea
1216 3967 1309 4018 moira
