2768 4480
528 185 717 240 rennuente

556 359 608 419 Vl
635 365 636 368 ’

289 461 405 540 spatula
419 461 539 522 eviravit
554 359 780 524 odrnddssi'enerl
795 466 992 541 raga'puerds
1188 475 1232 525 777

562 579 628 641 vin
644 582 689 658 (1)

189 680 237 742 hic
252 679 284 740 in
301 679 426 741 ambivio
439 697 543 743 navem
553 681 783 744 conscendimus
793 681 966 762 palustrem,
982 701 1069 762 quum
1084 701 1158 744 nau·
1187 693 1231 744 777

77 766 130 828 tici
146 765 306 844 equisones
319 783 374 845 per
388 765 484 827 ulnam
501 766 645 830 ducerent
659 767 722 828 loro

540 855 723 963 77777777).

194 984 245 1064 qni
261 985 380 1064 quidem
394 985 496 1048 vident
510 995 539 1048 et
560 987 765 1062 circumstant,
782 1006 844 1049 non
861 987 966 1050 rident.
989 989 1102 1072 '‘credo
1117 973 1158 1049 7ίὲ
1186 999 1229 1049 777

76 1069 174 1131 dere'.
204 1067 313 1130 hiantis
327 1070 421 1145 video,
438 1070 563 1154 ridentis
577 1091 639 1134 non
656 1072 748 1152 audio
1141 1106 1144 1111 -

187 1281 288 1335 77777
309 1291 343 1334 77
365 1292 427 1335 rem
452 1189 827 1354 publioaydrqdininistret,
850 1275 928 1353 qnod
949 1274 1022 1354 pulli
1043 1277 1158 1337 ientent
1185 1287 1228 1340 778

558 1393 598 1456 Xl
612 1395 677 1471 (14)

186 1492 247 1553 utri
262 1493 354 1574 magis
369 1503 439 1556 sunt
453 1493 563 1574 pneri‘l
584 1495 615 1556 hi
629 1493 782 1575 pusilline,
805 1494 856 1573 qni
874 1503 1030 1576 expectant
1045 1496 1155 1557 nundi·
1185 1507 1228 1558 779

74 1597 141 1654 nas,
158 1586 193 1639 ut
206 1577 346 1656 magister
360 1577 485 1641 dimittat
499 1580 611 1642 Iussum

551 1697 605 1761 XII
619 1699 685 1776 (17)

186 1797 326 1876 astrologi
341 1818 404 1860 non
419 1798 512 1864 sunt?
528 1801 582 1880 qui
594 1799 855 1864 consoribillarunt
870 1799 1027 1881 pingentes
1041 1801 1156 1863 caelum
1183 1812 1226 1864 787

543 1918 610 1980 7777
628 1921 693 2000 (ro)

186 2027 215 2080 et
229 2017 377 2096 Diogenes
391 2019 528 2099 cynicos,
552 2021 603 2100 qui
618 2019 654 2082 ab
670 2021 836 2083 Alexandro
852 2039 922 2102 roge
939 2022 1037 2086 iussus
1051 2029 1154 2102 optare
1184 2033 1226 2084 787

72 2101 150 2183 quid
165 2102 260 2176 vellet,
276 2122 307 2164 se
323 2101 470 2166 facturum
707 2111 708 2114 ’

536 2205 617 2266 nnn
633 2207 699 2283 (17)

185 2305 253 2376 dein
276 2305 406 2368 immittit
423 2307 506 2370 virile
524 2315 682 2368 veretrum.
718 2315 752 2367 ut
766 2307 879 2368 1177777
894 2307 1019 2370 offendit
1030 2309 1155 2370 buccam
1182 2321 1225 2372 787

71 2389 235 2452 Volumnio

550 2474 600 2536 XV
618 2477 683 2554 (15)

185 2576 276 2637 altera
291 2585 394 2638 exorat
407 2585 521 2657 patrem
543 2576 650 2640 libram
664 2577 875 2654 ocellatornm,
890 2577 981 2639 717777
995 2577 1091 2639 virum
1105 2596 1153 2639 se·
1182 2590 1224 2642 788

70 2661 209 2724 modium
224 2662 448 2740 margaritarum

555 2745 620 2806 XVI
636 2749 680 2823 (7)

185 2846 252 2908 dixe
267 2848 331 2928 regi
345 2847 477 2909 Medeam
493 2848 641 2908 advectam
656 2867 793 2928 persero
809 2849 839 2911 in
855 2849 943 2910 raeda
958 2850 1105 2929 anguibus
1170 2860 1225 2924 ,784

542 2965 621 3026 XVII
635 2961 681 3048 (8)

184 3041 283 3128 Pelen
307 3067 426 3128 Medeae
447 3067 647 3146 permississe,
674 3075 708 3129 ut
728 3087 759 3130 se
780 3068 826 3128 vel
849 3067 947 3130 vivum
969 3068 1150 3146 degluberet,
1180 3083 1223 3134 787

72 3153 145 3215 dum
160 3152 249 3213 modo
265 3152 401 3214 redderet
415 3152 548 3232 puellum
577 3242 582 3250 ι

160 3319 210 3370 777
230 3317 264 3370 Ν.
279 3334 308 3384 p.
326 3322 360 3372 46
379 3317 491 3448 77177777
509 3321 559 3372 776
576 3319 612 3371 Ν.
628 3335 654 3386 p.
673 3322 722 3372 470
741 3319 879 3387 equisones
897 3323 965 3386 etp.
986 3321 1032 3372 107
1052 3321 1150 3388 777177.

72 3387 215 3452 legebatur
232 3389 263 3438 in
278 3392 374 3438 satura
392 3392 454 3439 anto

71 3458 109 3506 rit
133 3468 211 3522 77777
234 3455 334 3521 Popma
355 3454 365 3522 ΙΙ
385 3457 434 3508 777
453 3454 487 3506 N.
500 3471 530 3521 p.
550 3457 599 3508 319
620 3455 691 3507 hiere
712 3459 716 3519 Ι
737 3455 862 3523 quicquid
885 3455 1017 3508 evidenter
1038 3457 1152 3522 plurimi

71 3522 145 3588 77777,
164 3521 436 3589 cridentnroptr'mnr,
454 3523 559 3578 evident
570 3527 597 3576 77
613 3536 691 3576 naus.
720 3525 791 3576 malo
804 3523 925 3578 videntur
936 3523 1131 3580 circumeuntes
1142 3523 1152 3593 71

71 3593 122 3644 778
137 3589 176 3644 Ν.
193 3605 220 3656 p.
240 3593 289 3644 176
307 3591 412 3646 lentare.
448 3589 709 3644 Ν777777771777777
727 3591 820 3657 legisse
840 3594 900 3646 nari
916 3593 1003 3644 7777717
1020 3598 1059 3644 set
1070 3592 1080 3659 ΙΙ
1099 3596 1149 3645 779

70 3657 105 3712 N.
122 3675 150 3725 p.
171 3661 222 3714 133
238 3658 311 3715 lusus
334 3665 360 3710 77
377 3676 407 3726 p.
426 3661 478 3716 mr
495 3659 622 3714 nundime
646 3659 651 3728 l
674 3659 784 3718 maiores
807 3663 984 3726 senopem
1007 3659 1012 3728 Ι
1035 3660 1155 3728 pusillini

67 3742 96 3793 p.
120 3729 185 3780 214:
216 3727 304 3794 pusilli
328 3728 394 3794 nigri
415 3744 446 3794 p.
473 3730 520 3781 133
546 3729 619 3779 undo
640 3743 716 3794 segre
737 3729 814 3782 addit
837 3728 1002 3793 77αά77777)
1030 3733 1151 3794 spectant

69 3795 193 3861 pler-tque
211 3795 298 3864 177777
310 3797 360 3850 789
378 3795 414 3850 Ν.
444 3833 451 3849 .
464 3799 495 3849 83
515 3795 703 3851 conscrihillavi
718 3793 873 3863 17817117.
888 3800 937 3852 778
949 3799 1039 3864 optare
1055 3796 1059 3862 Ι
1094 3797 1150 3850 nid-

89 3862 135 3916 uid
154 3861 397 3933 (777177177777787
443 3879 491 3932 ,7.
510 3867 561 3919 778
579 3863 707 3922 offendere
742 3863 800 3918 deIn
820 3866 872 3930 (ost
889 3864 966 3930 deiru)
984 3812 1148 3932 nitendum

99 3943 149 3998 ,7.
169 3933 219 3986 773
237 3931 583 4001 777777777717784177.
601 3937 649 3986 777
669 3947 712 3986 777
730 3931 792 4002 anull
812 3935 861 3987 787
880 3932 958 4000 Np.
979 3936 1027 3988 178
1045 3933 1148 4000 puellos

799 4007 805 4042 r

484 3404 508 3439 r.
521 3391 570 3440 769
586 3388 590 3452 Ι
605 3387 673 3438 viam
692 3402 768 3455 quam
786 3387 914 3454 (771777)
933 3387 1066 3440 ducerent:
1086 3393 1151 3440 omi·
