2780 4480
224 200 265 261 76
683 197 836 254 ΡΕΤΒΟΝΙΙ

225 386 314 451 cunt,
331 376 493 456 epulaeque
514 375 548 436 ad
572 383 721 438 certamen
741 375 872 455 prolatae
890 374 1049 436 conciliant
1062 373 1209 436 hilaritate
1225 393 1308 436 eon·
1327 384 1346 434 n

225 462 364 524 cordiam.
396 463 401 540 Ι
420 469 542 522 exsonat
557 460 776 540 ergo-cantibus
786 468 881 521 toturn
894 459 1051 539 navigium,
1067 467 1097 520 et
1107 459 1176 539 quia
1188 477 1307 539 repen·
1325 469 1362 520 no

224 548 286 610 tina
300 546 497 626 tranquillitas
511 545 708 607 intermiserat
723 562 853 620 cursum,
869 545 942 606 alius
957 545 1122 607 exvdtantes
1137 545 1308 623 quaerebat

224 633 337 695 fuscina
358 632 470 712 pisces,
496 630 570 692 alius
595 631 688 692 hamis
709 629 929 692 blandientibus
954 630 1137 692 convellebat
1158 631 1308 710 praedam

224 725 450 798 repugnantem.
489 733 557 778 ecce
579 716 665 776 etiam
691 733 747 794 per
767 724 928 776 antennam
948 715 1079 795 pelagiae
1101 716 1338 779 consederanto

224 805 368 876 volucres,
392 819 464 880 quas
487 801 574 862 textis
594 800 812 862 harundinibus
833 801 945 880 peritus
966 800 1070 862 artilex
1089 801 1194 880 tetigit.
1237 801 1308 863 illae

225 888 471 967 viscatisilligatae
479 885 637 948 viminibus
647 885 857 947 deferebantur
869 885 905 946 ad
915 903 1031 948 manus.
1056 885 1308 966 tollebatplumas

226 973 473 1048 auravolitautes,
489 971 655 1052 pinnasque
672 990 727 1051 per
741 971 832 1032 maria
847 971 945 1032 inanis
958 989 1062 1051 spuma
1076 972 1248 1050 torquebat.

311 1058 367 1119 iam
375 1057 481 1118 Lichas
492 1056 589 1117 redire
599 1074 716 1117 mecum
728 1056 757 1117 in
766 1057 887 1135 gratiam
899 1064 1046 1136 coeperat,
1059 1056 1116 1117 iam
1123 1057 1308 1138 Tryphaena

227 1143 333 1205 Gitona
349 1150 478 1203 extrema
493 1149 576 1220 parte
591 1142 720 1222 potionis
734 1141 907 1221 spargebat,
931 1159 999 1202 cum
1014 1141 1178 1221 Eumolpus
1194 1151 1224 1203 et
1240 1142 1308 1223 ipse
1324 1154 1349 1205 to

226 1229 295 1290 vino
311 1227 424 1289 solutus
439 1227 514 1287 dicta
530 1226 621 1289 voluit
644 1227 674 1287 in
691 1226 787 1289 calvos
807 1227 1023 1306 stigmososque
1044 1227 1180 1302 iaculari,
1203 1227 1307 1290 donec

229 1321 404 1391 consumpta
423 1312 608 1391 frigidissima
624 1310 791 1373 urbanitate
811 1311 898 1372 rediit
918 1313 953 1372 ad
975 1313 1106 1373 carmina
1120 1331 1174 1374 sua
1189 1315 1308 1394 coepit·
1379 1309 1380 1318 ³

228 1418 286 1478 que
302 1397 474 1478 capillorum
489 1397 667 1476 elegidarion
683 1397 798 1459 dicere:

355 1483 443 1561 ‘quod
458 1482 553 1544 solnm
568 1483 679 1544 lormae
695 1483 785 1544 decus
799 1491 858 1558 est,
874 1481 1008 1544 cecidere
1023 1482 1129 1563 capilli,

400 1576 617 1647 vernantesque
640 1586 740 1629 comas
754 1568 845 1630 tristis
858 1568 957 1647 abegit
971 1567 1095 1646 hiemps.
1324 1580 1348 1630 15

355 1672 437 1715 nunc
452 1653 556 1714 rrnrbra
572 1653 682 1715 nudata
697 1673 750 1716 sua
764 1654 821 1715 iam
836 1660 970 1732 tempora
985 1660 1127 1728 maerent,

401 1756 528 1817 areaque
543 1738 649 1802 attritis
664 1738 739 1801 ridet
761 1738 858 1800 adulta
872 1738 947 1818 pilis.

356 1843 372 1884 o
388 1823 473 1884 fallax
489 1831 593 1884 natura
608 1825 711 1886 deum:
731 1840 806 1902 quae
821 1822 916 1903 prima
931 1822 1036 1885 dedisti

403 1907 488 1968 aetati
503 1916 622 1969 nostrae
638 1908 751 1988 gandia,
766 1907 859 1986 prima
878 1906 978 1986 rapis!

453 1991 573 2066 infelix,
589 1994 677 2054 modo
693 1992 826 2054 crinibus
841 1992 956 2054 nitebas

453 2076 574 2138 Phoebo
589 2077 742 2156 pulchrior
756 2085 787 2138 et
801 2095 903 2139 sorore
918 2077 1038 2140 Phoebi.

453 2170 481 2224 at
496 2179 578 2224 nunc
592 2163 684 2224 levior
698 2181 766 2224 aere
780 2163 827 2224 vel
847 2161 975 2224 rotundo

453 2247 531 2309 horti
547 2249 661 2322 tubere,
676 2249 754 2328 quod
770 2249 879 2310 creavit
893 2249 982 2323 unda,

453 2333 584 2397 ridentes
595 2334 672 2414 iugis
683 2343 714 2396 et
723 2335 810 2397 times
821 2335 943 2415 puellas.

453 2427 486 2480 ut
501 2428 624 2481 mortem
642 2421 727 2482 eitius
749 2420 848 2482 venire
865 2420 976 2494 credas,
1320 2431 1346 2481 aa

453 2504 527 2564 scito
543 2505 600 2566 iam
615 2505 719 2584 capitis
733 2505 845 2585 perisse
858 2504 993 2585 partem!

157 2588 217 2648 110
315 2589 398 2667 plura
413 2588 529 2648 volebat
543 2590 694 2668 prolerre,
711 2590 814 2664 credo,
831 2599 860 2652 et
874 2589 1021 2668 ineptiora
1036 2589 1217 2669 praeteritis,
1234 2609 1304 2654 cum

229 2672 332 2733 ancilla
348 2673 541 2752 Tryphaenae
557 2672 664 2734 Gitona
679 2674 709 2734 in
726 2683 839 2754 partem
862 2674 943 2736 naris
962 2673 1134 2735 inferiorem
1153 2674 1236 2738 ducit
1250 2695 1303 2739 co·

227 2756 403 2836 rymbioque
418 2756 555 2818 dominae
570 2757 655 2837 pueri
671 2759 794 2819 adornat
809 2767 905 2838 caput.
935 2759 1024 2820 immo
1040 2761 1198 2839 supercilia
1213 2761 1303 2824 etiam

228 2843 343 2920 profert
357 2841 393 2902 de
408 2841 514 2921 pyxide
529 2842 660 2922 sciteque
681 2843 810 2904 iacturae
829 2844 1007 2906 lineamenta
1027 2854 1127 2906 secuta
1148 2854 1240 2908 totam
1259 2847 1303 2909 illi
1319 2857 1350 2907 eo

228 2927 351 2988 sormam
368 2945 450 2988 suam
466 2927 599 2989 reddidit.
629 2928 748 3008 agnovit
763 2928 937 3009 Tryphaena
958 2948 1060 2992 verum
1075 2929 1197 3008 Gitona,
1213 2932 1303 2994 lacri-

226 3013 341 3092 misque
351 3013 469 3074 turbata
480 3019 553 3075 tuuc
563 3014 692 3094 primum
707 3013 786 3075 bona
797 3013 853 3076 ssde
867 3033 962 3094 puero
973 3015 1087 3077 basium
1099 3015 1188 3077 dedit.
1218 3015 1223 3100 Ι
1245 3037 1302 3098 ego
1319 3030 1342 3080 L

228 3098 316 3160 etiam
327 3097 351 3160 si
363 3098 525 3180 repositum
535 3098 564 3160 in
579 3099 737 3179 pristinum
749 3098 886 3161 decorem
901 3119 1026 3180 puerum
1043 3101 1216 3180 gaudebam,
1233 3103 1302 3166 abs·

229 3182 394 3246 condebam
417 3191 514 3244 tamen
536 3184 723 3263 frequentius
746 3185 858 3246 vultum
879 3185 1145 3266 intellegebamque
1167 3206 1215 3249 me
1238 3206 1301 3249 non

227 3268 370 3330 tralaticia
384 3268 568 3331 deformitate
583 3288 647 3332 esse
661 3269 850 3350 insignitum,
873 3287 961 3350 quem
979 3271 1108 3352 alloquio
1122 3272 1246 3352 dignum
1262 3293 1302 3336 ne
1318 3287 1348 3338 aa

228 3352 333 3414 Lichas
348 3352 466 3431 quidem
490 3356 633 3416 crederet.
669 3354 721 3416 sed
735 3355 804 3416 huie
819 3355 954 3417 tristitiae
969 3357 1070 3419 eadem
1085 3357 1134 3418 illa
1151 3359 1304 3420 succurrit

229 3437 344 3512 ancilla,
359 3447 586 3519 sevocatumque
607 3458 654 3502 me
675 3459 737 3501 non
757 3441 857 3503 minus
878 3440 986 3504 decoro
1009 3442 1161 3504 exornavit
1181 3444 1302 3524 capilla-

227 3531 346 3670 qpento;
369 3523 459 3585 immo
475 3525 708 3587 commendatior
722 3525 819 3588 vultus
834 3526 956 3603 enituit,
978 3528 1046 3608 quia
1061 3527 1166 3589 ssavum
1182 3546 1301 3610 corym-

248 3609 298 3670 ion
314 3617 378 3670 erat

228 3745 432 3756 ——..-

316 3830 326 3880 l
347 3828 475 3880 hilaritate
498 3828 660 3895 concilium!
683 3832 698 3882 3
723 3830 832 3883 leriebal
854 3833 957 3880 eonieet
974 3830 1015 3896 114
1040 3831 1212 3898 compellebat
1233 3848 1301 3886 non·

227 3895 299 3946 ualle·
316 3912 350 3946 ere
365 3897 406 3961 011
421 3900 452 3948 13
471 3897 497 3948 in
515 3897 624 3964 capillos
642 3911 703 3949 suos
716 3899 738 3948 b
752 3897 762 3966 ΙΙ
776 3902 805 3951 14
824 3911 951 3949 summum
968 3897 1102 3964 florilegio
1116 3897 1126 3966 l
1140 3902 1168 3952 tv
1187 3899 1302 3970 adustay

229 3966 260 4016 23
279 3963 360 4016 imber
378 3964 489 4014 Iahnius
501 3963 511 4030 i
525 3967 555 4016 ³¹1
575 3969 762 4031 evocatumque
773 3963 783 4032 ΙΙ
798 3966 829 4018 38
849 3964 952 4024 ssavum]
973 3963 1110 4018 sseucorum
