2772 4476
562 209 702 263 sarman
1128 211 1166 276 tt
1220 197 1224 206 “

50 384 75 434 11
91 383 122 443 et
136 376 204 438 ideo
225 377 346 457 ingenio
361 396 427 440 meo
443 378 614 460 impositum
629 389 674 444 est
687 381 730 443 illi
746 401 855 445 nomen
871 384 1079 462 bellissimum3
1101 405 1170 450 nam

92 462 240 528 Daedalus
259 472 390 527 vocatur.
421 473 452 526 et
473 464 541 544 quia
563 466 673 528 honam
688 475 819 530 mentem
834 469 939 543 habet,
955 462 1037 532 attuli
1052 472 1093 533 illi
1109 474 1170 534 Ro·

93 568 140 612 ma
161 567 272 610 munus
294 549 405 611 cultros
425 549 532 612 Norico
552 551 653 612 lorro’.
683 571 758 632 quos
779 555 874 616 statim
897 554 982 618 iussit
1004 557 1101 618 afferri
1122 558 1169 620 in·

92 643 270 715 spectasque
291 633 414 696 miratus
436 643 489 697 est.
519 636 607 698 etiam
627 637 714 700 nobis
741 647 915 718 potestatem
937 641 1021 717 tecit,
1047 651 1081 703 ut
1103 661 1169 704 mn·
1205 675 1207 682 >

56 729 70 779 5
93 738 216 782 ornnem
232 719 267 780 ad
283 718 408 780 buccam
428 719 633 800 probaremus.

179 803 278 866 subito
300 803 486 867 intraverunt
506 807 565 867 duo
581 808 672 882 servi,
693 817 833 888 tanquam
849 810 900 888 qui
915 810 1007 872 rixam
1023 813 1058 874 ad
1074 813 1169 875 lacum

93 889 249 966 iecissent;
271 897 352 950 certe
373 891 403 951 in
420 890 495 952 collo
519 891 614 953 adhuc
636 893 792 974 amphoras
812 894 971 958 habebant.
1008 916 1077 958 cum
1097 917 1168 979 ergo

93 975 271 1038 Trimalchio
293 975 339 1036 ius
360 975 440 1038 inter
460 976 609 1056 litigantes
631 979 757 1050 diceret,
782 988 888 1041 neuter
909 983 1087 1044 sententiam
1102 984 1169 1045 tulit

94 1059 298 1132 decernentis,
325 1061 376 1122 sed
399 1061 519 1123 alterius
540 1064 712 1142 amphoram
738 1065 816 1126 fuste
842 1067 998 1145 percussit.
1033 1077 1169 1130 conster-

41 1156 69 1208 to
92 1146 153 1208 nati
176 1165 233 1207 nos
252 1144 409 1207 insolentia
425 1146 577 1209 ebriorum
597 1149 807 1212 intentavimus
829 1152 930 1213 oculos
945 1152 975 1213 in
991 1153 1170 1233 proeliantes

94 1231 319 1309 notavimusque
346 1239 441 1292 ostrea
462 1232 656 1313 pectinesque
678 1254 695 1296 e
716 1236 822 1314 gastris
844 1236 980 1312 labentia,
1007 1256 1081 1317 quae
1107 1238 1168 1299 col·

92 1317 168 1380 lecta
191 1333 266 1396 puer
292 1314 377 1378 lance
399 1315 588 1379 circumtulit.
618 1320 671 1382 bas
689 1321 815 1382 lautitias
838 1322 972 1401 aequavit
995 1323 1171 1404 ingeniosus

93 1419 210 1498 oocus3·
226 1401 257 1462 in
279 1401 418 1462 craticula
439 1403 518 1463 enim
540 1414 680 1483 argentea
707 1401 841 1468 cochleas
867 1407 964 1468 attulit
989 1417 1018 1469 et
1042 1408 1169 1470 tremula

91 1495 320 1565 taeterrimaque
333 1504 405 1548 voce
419 1488 554 1549 cantavit.
1188 1543 1193 1550 .

43 1580 70 1631 tc
176 1571 269 1652 pudet
283 1572 404 1644 reterre,
420 1590 495 1651 quae
510 1574 816 1642 secunturainaudito
832 1577 912 1637 enim
923 1594 1007 1637 more
1018 1578 1104 1656 pueri
1120 1595 1169 1638 oa·

92 1658 184 1739 pillati
200 1657 365 1718 attulerunt
379 1666 567 1736 unguentum
581 1658 612 1718 in
628 1668 769 1736 argentea
784 1661 868 1740 pelve
886 1661 1036 1742 pedesque
1051 1679 1169 1723 recum·

91 1743 226 1805 bentium
243 1750 407 1816 unxerunt,
430 1761 498 1803 cum
512 1751 580 1804 ante
596 1761 683 1804 crura
704 1744 838 1824 talosque
861 1745 979 1807 corollis
998 1746 1169 1810 vinxissent.

91 1829 161 1891 hinc
184 1846 220 1888 ex
236 1827 340 1888 eodem
362 1837 516 1908 unguento
538 1827 567 1889 in
590 1829 735 1891 vinarium
757 1839 844 1909 atque
866 1832 1020 1893 lucernam
1034 1832 1169 1911 aliqnan-

93 1922 155 1976 tum
171 1920 217 1974 est
230 1912 371 1975 inlusum.

42 2009 70 2062 tt
176 1999 234 2060 iam
250 2006 388 2077 coeperat
404 1999 565 2060 Fortunata
579 1998 653 2059 velle
668 1999 789 2073 saltare,
804 2000 862 2060 iam
878 2001 1012 2062 Scintilla
1026 2003 1168 2082 trequen-

92 2085 151 2147 tius
164 2081 324 2164 plaudebat
346 2101 432 2162 quam
454 2083 645 2162 loquebatur,
668 2102 736 2145 cnm
753 2084 930 2146 Trimalchio
946 2087 1105 2165 ‘pennitto'
1121 2087 1168 2148 in·

91 2170 156 2250 quit
171 2167 353 2249 ‘Philargyre
369 2179 397 2230 et
413 2167 505 2242 Cario,
523 2168 576 2230 etsi
591 2169 779 2248 prasinianus
794 2189 825 2232 es
840 2172 984 2247 famosus,
1000 2171 1047 2233 dic
1062 2181 1090 2234 et
1106 2171 1167 2234 hle·

92 2254 246 2334 nophilae‚
262 2252 470 2315 contubernali
485 2261 552 2314 tuae
558 2296 568 2327 ,
590 2253 773 2314 discumbat'.
805 2256 875 2334 quid
891 2255 1006 2317 multa?
1021 2275 1115 2337 paene
1131 2257 1167 2318 de

91 2341 174 2404 lectis
190 2337 296 2400 deiecti
319 2356 437 2411 snmus,
459 2339 531 2399 adeo
546 2347 640 2398 totum
656 2338 816 2399 triclinium
840 2340 947 2400 familia
963 2350 1167 2421 occupaverat.

23 2445 27 2454 ·
42 2435 69 2486 tc
90 2435 171 2489 corte
186 2442 242 2503 ego
260 2423 358 2485 notavi
373 2440 465 2503 super
478 2441 525 2484 me
536 2422 666 2505 positum
678 2442 792 2496 cocum,
809 2425 908 2503 quide
923 2444 1016 2505 porco
1032 2444 1168 2488 anserem

91 2513 219 2585 lecerat,
233 2509 328 2570 muria
346 2507 604 2587 condimentisque
620 2509 771 2570 fetentem.
803 2528 858 2571 nec
875 2518 1035 2573 contentus
1050 2511 1106 2572 luit
1120 2530 1166 2572 re·

91 2595 241 2670 cumbere,
257 2595 309 2657 sed
324 2593 468 2655 continno
480 2593 630 2673 Ephesum
641 2594 815 2674 tragoedum
828 2595 926 2676 coepit
937 2595 1043 2658 imitari
1056 2605 1085 2658 ct
1096 2595 1167 2659 snb-

91 2682 160 2744 inde
175 2681 329 2742 dominum
352 2697 438 2742 suum
461 2679 622 2760 sponsione
645 2697 806 2758 provocare
822 2681 855 2742 ‘si
872 2681 1010 2760 prasinus
1025 2681 1168 2762 proximis
1213 2755 1218 2765 ἱ

91 2765 276 2829 circensibus
292 2765 418 2846 primam
432 2764 580 2845 palmam'.
619 2763 622 2770 '

40 2859 68 2911 co
176 2841 299 2913 diffusus
312 2851 367 2913 bac
387 2850 582 2912 contentione
598 2849 778 2911 Trimalchio
794 2850 900 2912 ‘amici'
922 2849 1020 2930 inquit
1035 2857 1075 2913 ‘et
1089 2852 1166 2914 servi
1186 2855 1225 2916 71

91 2935 228 2999 homines
242 2944 313 2998 sunt
327 2945 356 2997 et
372 2953 465 3015 aeque
480 2953 574 2996 unum
589 2935 696 2996 lactem
710 2935 864 3010 biberunt,
882 2935 968 2996 etiam
984 2936 1007 2998 si
1023 2937 1089 3000 illos
1104 2955 1166 2998 ma·

90 3021 137 3084 lus
152 3022 228 3083 latus
244 3021 401 3101 oppressit.
431 3029 529 3082 tamen
548 3039 596 3081 me
618 3020 697 3082 salvo
720 3020 778 3082 cito
801 3038 906 3100 aquam
929 3021 1051 3082 liberam
1068 3029 1187 3101 gusta-⁴
1297 3078 1300 3084 Δ

90 3105 177 3168 bunt.
207 3107 243 3167 ad
258 3125 419 3181 summam,
443 3123 547 3168 omnes
569 3105 635 3167 illos
657 3105 687 3166 in
703 3114 879 3167 testamento
897 3123 964 3167 meo
981 3107 1166 3168 manumitto.

90 3191 263 3271 Philargyro
279 3193 366 3253 etiam
382 3192 507 3254 lundam
530 3190 596 3271 lego
620 3199 650 3251 et
664 3189 910 3252 contubernalem
927 3207 1026 3263 suam,
1049 3190 1167 3253 Carioni

41 3285 68 3337 tt
88 3295 211 3358 quoque
225 3275 351 3336 insulam
374 3285 404 3339 et
418 3277 587 3340 vicesimam
603 3284 633 3338 et
647 3276 755 3338 lectum
772 3283 907 3338 stratum.
938 3293 1006 3337 nam
1019 3276 1166 3338 Fortuna·

90 3373 153 3426 tam
175 3376 270 3420 meam
293 3361 429 3422 heredem
452 3363 544 3436 iccio,
568 3371 598 3424 et
620 3361 796 3423 commendo
819 3361 898 3422 illam
915 3360 1166 3424 omnibusamicis

90 3445 177 3510 meis.
209 3443 325 3505 ethaeo
341 3444 406 3506 ideo
423 3447 521 3508 omnia
536 3447 672 3527 publico,
695 3456 728 3508 ut
751 3445 859 3507 familia
875 3463 938 3508 mea
954 3447 1011 3508 iam
1028 3465 1109 3509 nuno
1124 3447 1166 3509 sic
1184 3486 1187 3493 -

90 3538 234 3595 meamet
249 3529 387 3607 tanquam
404 3532 573 3593 mortuum'.
609 3533 717 3612 gratias
738 3549 825 3611 agere
848 3551 951 3596 omnes
965 3532 1167 3612 indulgentiae

93 3623 255 3697 coeperant
271 3614 393 3687 domini,
409 3633 478 3677 cum
493 3616 540 3677 ille
556 3616 665 3678 oblitus
681 3635 826 3697 nugarum
839 3617 988 3697 exantplar
999 3615 1167 3679 testamenti

42 3711 70 3765 tc
90 3703 175 3766 iussit
190 3699 289 3763 atlerri
305 3708 445 3762 ettotam
466 3719 483 3762 a
498 3700 594 3780 primo
617 3702 651 3761 ad
666 3702 802 3763 ultimum
824 3703 1045 3781 ingemescente
1059 3699 1167 3763 tamilla

93 3787 233 3894 recitapit
265 3785 429 3866 respiciens
444 3785 552 3847 deinde
566 3785 734 3846 Habinnam
757 3785 836 3865 ‘quid
852 3787 934 3849 dicis'
953 3785 1051 3865 inquit
1065 3786 1167 3849 ‘amice

94 3907 299 3918 ...—--—--

172 3969 283 4042 2attnlit
291 3969 300 4036 ll
309 3973 427 4037 lpotius
436 3975 462 4026 et
472 3971 547 4025 nobis
556 3969 588 4039 117
600 3970 625 4023 in
635 3970 694 4022 loco
704 3965 713 4036 ll
728 3971 757 4024 ta
767 3969 892 4038 liquatum
902 3969 959 4038 ostii
968 3974 1001 4026 32
1011 3971 1170 4040 oppresserit
