2768 4480
220 175 282 238 236
519 179 666 234 SENECAE
683 179 993 233 arouetoctttrosts

221 357 279 418 dita
294 355 474 418 condemnat
489 367 518 418 et
532 358 587 420 ait:
610 353 682 420 α’ίκε
698 353 811 420 πάθοι
826 351 869 419 τά
884 350 915 418 τ’
934 350 1033 440 ἐ’ρεξε,
1057 353 1130 442 δίκη
1147 346 1179 418 κ’
1198 353 1284 420 ἰθεῖα

220 443 358 525 γένοιτο.
389 441 495 520 ingens
507 443 656 504 silentium
669 443 777 504 lactum
794 451 848 503 est.
875 441 1036 520 stupebant
1047 460 1152 504 omnes
1166 443 1285 503 novitate

221 529 265 592 rei
280 527 413 598 attoniti,
438 528 586 605 negabant
607 527 664 588 boc
685 545 818 606 unquam
840 528 959 588 lactum.
993 527 1114 588 Claudio
1129 527 1285 608 magisini

101 661 103 672 ,
222 631 313 694 quum
336 611 490 674 videbatur
512 630 599 692 quam
622 631 741 674 novum.
779 614 949 692 degenere
974 631 1090 691 poenae
1115 613 1167 674 diu
1192 613 1286 692 dispu-

222 706 314 760 tatum
335 707 394 770 est,
421 697 491 776 quid
514 698 596 760 illum
619 697 678 776 pati
701 706 863 777 oporteret.
900 706 986 758 erant
1007 699 1058 776 qui
1080 697 1222 771 dicerent,
1247 698 1315 759 Sit

222 784 347 866 cyphum
369 786 438 846 ectio
460 784 510 844 diu
531 784 656 846 laturam
677 782 791 858 iecisse,
814 782 971 844 Tantalum
994 783 1041 844 siti
1056 784 1222 864 periturum
1237 785 1287 845 nisi

224 870 264 932 illi
279 877 520 944 succurreretur,
543 869 701 947 aliquando
717 868 827 930 lxionis
850 868 950 930 miseri
972 876 1066 929 rotam
1091 869 1287 931 sufflaminan-
1346 903 1348 990 q

222 955 298 1016 dam.
330 973 390 1015 non
406 954 516 1033 placuit
531 954 582 1016 ulli
598 973 634 1015 er
649 953 796 1015 veteranis
810 953 983 1026 missionem
998 953 1076 1028 dari,
1095 972 1132 1015 ne
1148 955 1192 1016 rel
1208 954 1287 1017 Clau-

222 1041 287 1102 dius
310 1057 441 1117 unquam
464 1039 558 1100 simile
580 1047 721 1119 speraret.
758 1039 868 1118 placuit
890 1057 997 1100 novam
1011 1057 1140 1118 poenam
1155 1040 1288 1102 constitui
1348 1014 1349 1090 l

223 1124 347 1198 debere,
370 1124 595 1203 excogitandum
610 1124 651 1184 illi
667 1123 798 1185 laborem
814 1124 932 1185 irritum
947 1133 977 1184 et
992 1124 1116 1186 abcuius
1130 1125 1291 1205 cupiditatis
1310 1134 1331 1183 tt
1349 1124 1350 1192 1

224 1209 352 1289 speciem
369 1208 435 1269 siue
450 1209 566 1270 ellectu.
591 1218 654 1270 tum
667 1211 780 1271 Aeacus
796 1209 879 1271 iubet
889 1209 971 1270 illum
984 1209 1044 1270 alea
1061 1209 1164 1271 ludere
1175 1219 1289 1290 pertuso
1350 1234 1351 1274 1

223 1293 333 1354 fritillo.
364 1301 393 1354 et
407 1292 464 1354 iam
488 1301 626 1374 coeperat
647 1294 795 1374 fugientes
816 1312 934 1373 semper
952 1303 1077 1356 tesseras
1101 1313 1244 1374 quaerere
1265 1305 1289 1356 et
1351 1342 1352 1350 ,

224 1377 297 1440 nibil
310 1377 472 1457 prolicere:

376 1482 445 1525 nam
460 1464 598 1544 quotiens
614 1465 759 1527 missurus
774 1473 837 1526 erat
851 1473 1010 1527 resonante
1025 1465 1137 1537 fritillo,

376 1558 502 1630 utraque
514 1549 660 1611 subducto
676 1550 808 1630 fugiebat
822 1557 933 1612 tessera
949 1550 1053 1613 fundo.
1308 1558 1329 1606 tt

377 1654 503 1714 cumque
519 1635 691 1697 recollectos
706 1636 829 1696 auderet
842 1635 959 1696 mittere
975 1635 1058 1708 talos,
1116 1660 1119 1666 ’

376 1721 479 1782 iusuro
495 1720 598 1782 similis
612 1739 730 1800 semper
744 1737 921 1799 semperque
936 1719 1059 1798 pelenti,

377 1805 519 1886 decepere
531 1805 633 1866 fidem:
650 1806 758 1886 refugit
773 1806 939 1886 digitosque
955 1823 1010 1884 per
1020 1804 1100 1884 ipsos

377 1891 463 1952 fallax
478 1891 600 1952 adsiduo
616 1890 755 1953 dilabitur
770 1890 831 1952 alea
847 1892 935 1952 iurto.

377 1976 420 2036 elo
436 1994 502 2036 cum
517 1975 574 2036 iam
590 1977 697 2037 summi
712 1985 877 2056 tanguntur
891 1975 1020 2037 culmina
1035 1974 1155 2050 montis,
1309 1983 1331 2032 11

377 2059 459 2120 irrita
475 2059 611 2141 Sisyphio
626 2060 785 2122 volvuntur
800 2062 932 2142 pondera
948 2060 1034 2120 collo.

225 2142 361 2222 apparuit
379 2143 477 2206 subito
493 2144 524 2207 C.
541 2144 647 2207 Caesar
670 2155 699 2207 et
720 2155 821 2226 petere
844 2146 927 2208 illum
949 2146 979 2205 in
996 2145 1167 2206 servitutem
1184 2143 1292 2224 coepit;

225 2228 363 2308 producit
377 2238 481 2305 testes,
498 2231 548 2311 qui
565 2227 671 2315 [illum]
686 2231 821 2293 viderant
835 2232 870 2292 ab
887 2230 937 2292 illo
952 2229 1067 2308 flagris,
1083 2230 1202 2306 ferulis,
1219 2229 1291 2290 oola·

226 2313 292 2392 phis
317 2316 513 2397 vapulantem.
550 2316 734 2378 adiudicatur
755 2316 785 2379 C.
809 2316 941 2391 Gaesari3
962 2315 1068 2376 (laesor
1095 2315 1177 2376 illum
1201 2317 1291 2376 Aeaco

226 2399 325 2460 donat.
356 2401 381 2464 is
393 2401 555 2464 Menandro
568 2402 675 2464 liberto
687 2421 742 2464 suo
756 2402 886 2475 tradidit,
902 2409 961 2462 uta
977 2399 1201 2478 cognitionibus
1211 2407 1292 2461 essct
1310 2407 1333 2456 tt

228 2515 426 2530 Ἢ

313 2571 322 2620 1
344 2565 371 2620 τ’
391 2567 556 2636 1133311133]
574 2568 708 2636 sedentib
726 2569 790 2622 sium
809 2569 851 2621 diu
870 2569 977 2622 laturam
997 2567 1119 2620 iecissent
1132 2565 1142 2633 ΙΙ
1160 2569 1190 2618 tr
1210 2566 1293 2618 lusurc
