2780 4480
676 185 822 238 GARMlNA

318 444 398 506 Velle
413 444 484 524 quid
499 445 576 506 hanc
592 443 680 517 dicas,
697 442 829 522 quamvis
843 442 898 504 sim
912 442 1038 521 ligneus,
1055 443 1180 518 hastam,

364 530 464 591 oscula
480 529 528 590 dat
542 528 640 592 medio
655 529 679 590 si
695 547 754 606 qua
768 527 866 608 puella
880 525 974 588 mihil

319 631 432 693 augure
448 634 510 676 non
527 632 602 694 opus
617 622 676 676 est:
693 615 732 674 ‘in
749 611 805 674 me’
820 611 892 674 mihi
907 613 1027 686 credite,
1043 612 1116 673 dixit

365 703 475 761 ‘utetur
489 699 565 761 veris
580 696 693 760 viribus
706 699 787 760 hasla
803 697 903 760 rudis'.

666 849 826 914 Xllllllllll

317 952 415 1016 Nolite
430 952 537 1027 omnia,
553 970 629 1031 quae
644 951 761 1032 honor,
776 960 881 1031 putare

317 1054 372 1117 per
385 1037 482 1100 lusum
497 1037 569 1100 mihi
583 1054 639 1117 per
653 1037 810 1116 iocumque
825 1036 891 1098 dici.

319 1120 482 1201 deprensos
497 1140 552 1201 ego
567 1129 613 1184 ier
627 1130 791 1200 quaterque
807 1123 887 1183 iures

319 1223 432 1282 omnes,
449 1224 487 1268 ne
502 1204 650 1281 dubiteris,
666 1206 827 1268 inumaho.

320 1443 394 1506 Cum
410 1443 557 1524 quendam
572 1443 685 1523 rigidus
699 1445 772 1506 deus
787 1443 898 1504 videret

319 1529 443 1592 lervcnti
459 1537 548 1609 caput
562 1528 690 1590 ustulare
706 1527 796 1604 ferro,

320 1623 354 1678 ul
367 1614 486 1676 Maurae
502 1613 604 1676 similis
619 1614 696 1676 loret
710 1613 833 1693 puellae,

321 1699 412 1762 ‘heus’
428 1699 526 1778 inquit
540 1696 602 1760 ‘libi
618 1699 751 1774 dicimus,
766 1698 897 1772 cinaede,

319 1801 389 1848 uras
403 1792 431 1845 te
447 1783 516 1845 licet
529 1801 624 1863 usque
639 1791 847 1862 torqueasque,

272 1939 276 1946 Ι
321 1886 392 1928 num
408 1868 526 1929 landem
543 1868 626 1948 prior
641 1885 673 1929 es
687 1866 794 1946 puella,
811 1885 929 1947 quaeso,

321 1970 408 2030 quam
423 1961 501 2026 sunl,
518 1951 649 2014 mentula
665 1970 740 2032 quos
754 1952 852 2027 habel,
869 1949 998 2032 capillil'

679 2101 822 2165 xxxxv1

322 2203 421 2266 Onon
437 2203 590 2266 candidior
604 2204 701 2286 puella
715 2205 826 2279 Mauro,

321 2290 371 2353 sed
386 2289 554 2352 morhosior
569 2290 707 2354 omnibus
722 2289 861 2367 cinaedis,

321 2375 466 2456 Pygmaeo
481 2374 598 2439 brevior
611 2395 714 2456 gruem
729 2376 861 2452 timente,

321 2460 398 2522 ursis
412 2460 546 2539 asperior
560 2461 750 2542 pilosiorque,

322 2544 414 2607 Medis
428 2544 521 2606 laxior
535 2544 679 2606 lndicisvc
694 2544 799 2620 bracis,

321 2645 422 2690 manes
437 2627 484 2688 hic
499 2627 568 2689 licet
583 2637 614 2690 ul
628 2627 757 2690 libenter
772 2629 846 2689 ires:

323 2730 391 2775 uam
408 2711 539 2790 quamvis
555 2711 653 2773 videar
667 2711 736 2777 salis
752 2719 880 2792 paratus,

322 2813 478 2858 erucarum
494 2814 570 2876 opus
585 2806 629 2859 est
645 2796 747 2860 decem
762 2795 907 2878 maniplis,

322 2882 415 2945 fossas
429 2880 561 2961 inguinis
575 2890 608 2943 ut
624 2890 716 2944 leram
731 2882 888 2964 dolemque

322 2968 414 3032 cunni
429 2967 605 3030 vermiculos
619 2967 831 3032 scaturricnlis.

671 3118 828 3181 XXXXVII

323 3222 499 3302 Quicunque
515 3230 653 3292 vestrum,
670 3221 721 3300 qui
734 3220 840 3282 venitis
855 3221 890 3282 ad
907 3240 1019 3297 cenam,

321 3306 414 3369 libare
431 3307 528 3369 nullos
543 3306 669 3370 sustinet
684 3304 753 3366 mihi
770 3323 880 3382 versus,

320 3390 399 3453 illius
413 3409 488 3454 uror
503 3401 554 3453 aul
569 3390 662 3454 amica
677 3389 795 3452 rivalem

322 3474 498 3539 lasciviendo
513 3475 694 3556 languidum,
709 3493 824 3556 precor,
840 3474 952 3552 reddat,

266 3573 280 3624 c
324 3569 354 3624 el
368 3560 432 3641 ipse
446 3559 533 3640 longa
550 3569 638 3622 nocte
654 3559 780 3622 dormiat
794 3561 874 3624 solus

322 3644 488 3710 libidinosis
503 3644 643 3708 incitatus
658 3645 763 3707 erucis.

301 3795 425 3850 lllllllllll
440 3801 501 3863 post
517 3795 650 3848 llllllllllll
666 3800 779 3862 paulun·
796 3795 874 3862 volgo
890 3793 894 3856 Ι
913 3797 922 3846 l
946 3792 984 3844 sic
1001 3793 1102 3860 ligneus
1120 3797 1202 3846 estem
1220 3793 1285 3845 Dor-

217 3862 308 3914 os‘lla'us
323 3864 327 3926 Ι
343 3867 358 3918 4
372 3863 460 3916 usibus
473 3863 482 3930 ΙΙ
496 3863 650 3918 xxxxvlo
667 3863 759 3916 lndicis
772 3861 872 3916 libralis
887 3861 891 3928 Ι
907 3863 922 3912 6
940 3859 1042 3911 mollem
1061 3860 1161 3913 scilicet
1178 3865 1208 3913 ut
1224 3860 1284 3914 libel

217 3926 299 3996 perire
317 3929 351 3981 Is.
370 3929 480 3980 Vossius
498 3934 523 3978 et
542 3945 590 3994 ego
609 3932 793 3994 temptavimus

350 4064 1033 4430 aaz,
