2772 4476
209 175 251 236 24
669 171 822 236 seracula

210 351 281 416 dum
297 349 377 412 enim
391 347 601 428 repausarem
623 347 779 410 duodecim
798 347 928 410 babebat
946 345 1031 426 sigua
1044 346 1075 406 in
1092 345 1166 410 arbe
1181 342 1285 424 dispo·
1305 345 1349 400 111,

209 438 281 534 site,
303 452 393 515 super
415 453 490 513 quae
511 433 668 514 proprium
688 433 975 530 convenientemque
995 431 1133 495 materiae
1153 437 1286 494 structor

211 524 394 602 imposuerat
408 519 519 581 cibum:
534 535 626 598 super
640 517 761 584 arietem
776 518 856 607 cicer
870 516 1042 592 arietinum,
1058 535 1149 596 super
1163 524 1285 578 taurum

212 606 342 670 bubulae
357 607 493 704 bustum
508 622 610 683 super
614 605 749 682 geminos
763 579 916 666 testiculos
930 620 965 664 ac
979 601 1093 702 rienes,
1107 619 1201 680 super
1212 619 1285 664 can·

213 711 298 754 crum
313 689 471 766 coronam,
487 707 585 768 super
591 688 710 752 leonem
724 691 813 750 ticum
828 670 1011 760 Africanam,
1033 704 1124 767 super
1137 686 1286 766 virginem
1301 693 1315 741 5

213 777 417 850 steriliculam‚
438 793 530 854 super
543 774 649 836 libram
673 783 811 846 stateram
825 773 857 835 in
879 773 964 839 cuius
978 772 1069 835 altera
1089 779 1173 852 parte
1188 769 1285 833 scrib-

213 863 264 924 lita
280 870 357 934 erat,
378 860 410 921 in
425 859 514 920 altera
529 860 680 940 placenta,
701 857 707 942 l
724 877 814 938 super
828 858 1016 938 scorpionem
1030 857 1206 938 pisciculum
1221 874 1285 920 ma·
1303 860 1327 909 H

213 948 329 1022 rinum,
349 947 464 1026 isuper
484 945 667 1024 sagittarium
682 944 870 1024 'oclopetem,
897 960 988 1022 super
1008 943 1218 1023 capricornum
1239 942 1286 1002 lo·
1302 945 1344 996 Ill

215 1042 327 1095 eostam
348 1030 507 1104 marinam,
529 1048 620 1110 super
639 1029 793 1108 aquarium
814 1046 965 1102 anserem,
988 1045 1079 1109 super
1099 1028 1197 1108 pisces
1211 1026 1287 1088 duos

214 1117 331 1178 mullos.
356 1115 404 1177 *in
430 1114 528 1176 medio
554 1123 653 1178 autem
678 1131 798 1195 caespes
828 1131 896 1178 cum
919 1112 1022 1177 herbis
1047 1113 1161 1176 excisus
1187 1114 1287 1174 lovum
1305 1120 1332 1172 tt

215 1200 389 1266 sustinebat.
412 1198 808 1280 circumferebataegyptius
817 1199 1166 1279 pucrclibanoargenteo
1177 1216 1288 1278 panem

216 1379 304 1450 atque
324 1370 389 1449 ipse
412 1370 499 1432 etiam
520 1371 688 1431 taeterrima
709 1388 781 1431 voce
802 1370 839 1431 de
853 1369 1067 1448 Laserpiciario
1088 1369 1179 1432 mimo
1194 1365 1291 1430 canti*-

216 1474 285 1518 cum
308 1455 438 1518 extorsit.
474 1474 531 1517 nos
552 1463 585 1515 ut
603 1455 749 1518 tristiores
768 1455 803 1516 ad
824 1463 884 1516 mm
905 1454 977 1517 viles
996 1454 1174 1516 accessimus
1195 1453 1289 1526 cibos,

158 1540 200 1604 36
217 1540 346 1604 ‘suadeo'
367 1540 466 1619 inquit
484 1539 662 1603 Trimalchio
678 1543 843 1615 ‘canemus3
864 1539 923 1602 hoc
945 1547 991 1602 est
1007 1539 1054 1602 ius
1074 1538 1184 1600 cenae'.
1213 1539 1288 1600 haec
1369 1559 1370 1576 ι

217 1637 251 1690 ut
265 1626 351 1702 dixit,
370 1627 404 1689 ad
421 1626 626 1706 symphoniam
642 1633 782 1705 quattuor
796 1624 991 1704 tripudiantes
1005 1632 1224 1705 procurrerunt
1236 1643 1289 1686 su·
1308 1632 1335 1682 15

217 1712 425 1791 perioremque
446 1719 561 1790 partem
576 1711 745 1791 repositorii
765 1710 960 1772 abstulerunt
990 1725 1048 1789 quo
1064 1710 1141 1770 facto
1156 1709 1290 1772 ridemus

218 1798 295 1858 inira
310 1794 434 1879 [scilicet
454 1796 486 1857 in
501 1795 593 1857 altero
614 1791 739 1876 ferculo]
754 1796 842 1857 altilia
865 1805 895 1856 ιι
908 1796 1024 1858 sumina
1045 1796 1238 1874 leporemque
1257 1794 1289 1856 in

218 1881 317 1946 medio
328 1881 430 1960 pinnis
440 1880 646 1953 subornatum
659 1889 693 1941 ut
703 1880 832 1958 Pegasus
842 1881 999 1942 videretur
1025 1879 1191 1942 notavimus
1200 1880 1289 1942 etiam

222 1966 299 2028 cirea
314 1966 440 2062 angulos
453 1963 622 2044 repositorii
636 1965 766 2044 Marsyas
784 1973 936 2062 quattuor,
960 1983 996 2026 ιι
1012 1983 1140 2045 quorum
1155 1965 1291 2028 utriculis

221 2069 326 2130 garum
340 2050 506 2129 piperatum
522 2049 661 2110 currebat
674 2067 766 2130 super
780 2050 892 2131 pisces,
915 2051 966 2129 qui
981 2059 1122 2129 tanquam
1137 2051 1168 2112 in
1163 2050 1290 2137 euripo
1308 2057 1371 2108 ιι

220 2135 373 2197 natabant.
412 2135 515 2198 damus
540 2153 644 2197 omnes
669 2134 806 2215 plausum
831 2154 848 2198 a
872 2135 981 2198 familia
1008 2119 1171 2216 inceptum
1188 2144 1218 2196 ιι
1242 2153 1291 2196 res

222 2220 411 2296 electissimas
442 2219 574 2285 ridentes
606 2221 801 2300 aggredimur.
842 2237 904 2284 neu
929 2221 1033 2284 minus
1059 2229 1089 2283 ιι
1113 2221 1292 2282 Trimalchio

132 2307 136 2316 '
222 2307 364 2370 eiusmodi
385 2305 535 2370 methodio
553 2306 653 2370 laetus
668 2306 780 2387 ‘'Carpe
801 2307 907 2404 iuquit.
936 2307 1081 2387 processit
1100 2307 1198 2370 statim
1218 2308 1292 2370 scis-

104 2401 108 2408 '
221 2410 272 2454 sor
292 2400 322 2454 et
344 2393 379 2454 ad
399 2391 606 2474 symphoniam
629 2392 820 2472 gesticulatus
843 2392 884 2454 ita
904 2393 1041 2456 lacerarit
1060 2392 1233 2466 obsonium,
1259 2403 1293 2455 ut

221 2486 342 2574 putares
356 2477 536 2540 essedarium
550 2477 692 2557 hydraule
708 2487 845 2538 cantante
857 2496 1000 2558 pugnare.
1029 2477 1184 2557 ingerebat
1197 2439 1336 2540 nihilolb

220 2562 321 2624 minus
342 2561 518 2624 Trimalchio
540 2560 702 2623 lentissima
722 2580 808 2623 ιοιι·
832 2561 952 2642 ‘Carpe,
975 2562 1088 2643 Carpe'.
1119 2583 1174 2644 ego
1194 2563 1294 2661 suspi—
1371 2555 1372 2634 l

221 2656 305 2708 catus
318 2647 354 2706 ad
370 2646 498 2724 aliquam
512 2637 710 2708 urbanitatem
731 2646 840 2708 totiens
859 2647 992 2710 iteratam
1008 2665 1109 2710 vocem
1131 2649 1293 2728 pertinere,

222 2750 283 2792 non
311 2729 510 2805 erubui,eum
536 2730 586 2810 qui
612 2749 703 2810 supra
728 2749 775 2792 me
800 2729 1008 2807 accumbebat,
1039 2733 1130 2795 hoc
1121 2752 1221 2813 rpsum
1244 2734 1293 2796 in-

221 2826 384 2895 terrogare.
412 2823 442 2876 at
455 2815 514 2890 ille,
530 2815 581 2893 qui
596 2816 713 2896 saepius
727 2816 872 2880 eiusmodi
889 2816 975 2880 ludos
989 2826 1187 2897 spectaverat,
1203 2819 1294 2881 ‘vides

221 2899 313 2962 illum'
328 2900 426 2980 inquit
441 2899 503 2979 ‘qui
518 2899 676 2962 obsonium
690 2901 801 2981 carpit:
818 2901 1071 2982 Carpusvocatur.
1101 2903 1201 2983 itaque
1217 2921 1293 2982 quo-
1312 2907 1339 2959 ιι

221 2985 397 3065 tiescnnque
412 2985 484 3049 dicit
500 2985 644 3065 “Carpe'’,
659 2987 764 3051 eodem
777 2987 867 3049 verbo
883 2995 914 3048 et
926 2998 1012 3050 vocat
1026 3000 1056 3050 et
1070 2989 1214 3068 imperat'.

164 3069 202 3133 37
308 3090 370 3132 non
392 3071 476 3151 potui
501 3070 627 3150 amplius
652 3072 810 3151 quicquam
836 3080 970 3153 gustare,
996 3074 1047 3134 sed
1074 3091 1236 3134 conversus
1257 3075 1295 3137 ad

223 3175 302 3232 eum,
317 3165 351 3218 ut
366 3156 595 3239 quamplurima
610 3156 793 3236 exciperem,
808 3157 898 3236 longe
913 3175 1065 3220 accersere
1079 3157 1192 3218 fabulas
1207 3161 1295 3240 coepi

223 3242 435 3322 sciscitarique,
452 3261 526 3322 quae
542 3250 620 3304 essct
633 3241 740 3307 mulier
754 3241 811 3317 illa,
828 3259 903 3321 qnae
918 3243 976 3306 huo
991 3251 1079 3321 atque
1093 3241 1164 3304 illuc
1179 3241 1295 3306 decur-

224 3336 311 3387 reret.
342 3326 436 3386 ‘uxor'
456 3328 554 3406 inquit
569 3326 820 3401 Trimalchionis,
841 3327 1002 3390 Fortunata
1016 3328 1195 3408 appellatur,
1218 3348 1295 3408 quae
1313 3333 1340 3386 ιι

224 3429 362 3474 nummos
386 3412 484 3472 modio
508 3413 640 3474 metitur.
678 3420 709 3473 et
728 3412 835 3487 modo,
857 3413 944 3476 modo
966 3413 1036 3492 quid
1057 3412 1134 3476 toitt
1159 3413 1294 3493 ignoscet

224 3495 296 3560 mihi
307 3496 412 3576 genius
424 3505 501 3570 tuus,
513 3496 660 3560 noluisses
670 3497 706 3558 de
717 3515 807 3560 manu
816 3497 896 3561 illius
907 3517 1014 3579 panem
1026 3501 1171 3580 accipere.
1201 3518 1296 3572 nunc,

225 3601 282 3644 nec
298 3581 368 3661 quid
384 3600 441 3643 nec
453 3599 554 3661 quare,
569 3583 600 3643 in
616 3582 730 3644 caelum
745 3581 817 3644 abiit
828 3592 858 3645 et
868 3583 1094 3647 Trimalchionis
1103 3593 1226 3665 topanta
1240 3593 1295 3648 cst.

224 3717 428 3730 Μ

231 3840 234 3848 .
314 3803 343 3854 13
366 3806 501 3869 extorquet
522 3802 545 3856 L
565 3799 575 3869 ll
593 3803 625 3855 20
648 3806 770 3870 tauquam
792 3818 842 3856 om.
866 3802 897 3869 L,
919 3805 1065 3871 quicunque
1088 3801 1176 3866 euripo
1195 3798 1295 3868 11!th

226 3872 347 3935 coeptum
364 3867 387 3920 L
405 3869 415 3936 ΙΙ
433 3873 466 3924 ιι
484 3871 520 3922 ita
537 3869 706 3937 gesticulatus
723 3870 746 3922 L
762 3870 772 3937 ι
792 3873 824 3924 30
842 3870 925 3938 inquit
942 3871 1014 3923 illum
1031 3870 1054 3922 L
1071 3868 1082 3938 ι
1100 3871 1133 3923 33
1151 3883 1227 3937 quam
1246 3885 1300 3922 our.

227 3935 317 4006 14133
335 3935 412 3989 modo
429 3953 483 3989 aaa
501 3941 613 3991 iteravit
628 3938 651 3989 L
664 3937 718 4007 1137
737 3939 792 3990 eius
808 3937 832 3989 L
