2780 4480
550 151 753 207 FRAGMENTA
1127 149 1188 212 113

614 324 681 387 XXI

198 426 348 488 Diomedes
363 428 393 488 in
407 434 470 488 arte
483 425 533 488 III
542 447 573 508 p.
589 424 653 489 518
667 425 771 489 Keilii:
789 434 818 488 ct
831 426 904 490 illud
918 427 989 488 hiuc
1009 435 1054 489 est
1068 445 1186 490 comma

102 511 193 592 quod
210 511 329 572 Arbiter
343 510 412 572 iecit
427 511 485 572 tale

360 599 445 656 ‘enus
459 603 578 658 recocta
592 597 661 658 vino

361 679 557 743 trementibus
571 680 692 743 labellis'

613 832 692 894 XXII

199 932 363 995 Semiusta
378 941 470 995 artem
485 931 596 996 Donati
606 954 635 1015 p.
652 931 723 1006 432,
740 931 785 996 22
794 931 895 996 Keilii:
910 933 981 994 item
997 931 1127 1004 Quirites
1141 932 1185 997 di·

106 1020 153 1081 cit
171 1036 297 1080 numero
319 1025 434 1080 tantum
456 1018 573 1097 plurali.
610 1019 661 1081 sed
683 1020 809 1100 legimus
830 1017 907 1099 apud
929 1017 1083 1082 Horatium
1104 1019 1186 1080 bunc

109 1103 275 1176 Quiritem,
299 1111 332 1164 ut
354 1102 392 1164 sit
414 1103 613 1166 nominativus
633 1104 681 1165 bio
702 1103 811 1176 Quiris.
857 1103 927 1164 item
948 1103 1026 1166 idem
1047 1103 1187 1166 Horatius

109 1188 191 1268 ‘quis
206 1196 236 1249 te
252 1185 429 1259 Quiritemi'
444 1189 529 1250 cuius
544 1190 742 1252 nominativus
757 1189 815 1251 erit
828 1188 877 1250 blo
893 1185 1039 1265 Quirites,
1061 1197 1095 1252 ut
1115 1188 1185 1251 dicit

108 1273 272 1335 Petronius

200 1357 351 1438 Pompeias
365 1361 397 1419 in
412 1369 567 1421 commento
583 1363 655 1421 artis
669 1358 779 1422 Donati
788 1377 818 1440 p.
834 1353 905 1434 167,
917 1351 939 1420 9
951 1355 995 1418 K:
1011 1375 1099 1419 nemo
1115 1356 1186 1421 dicit

107 1442 172 1504 ‘hio
188 1440 329 1513 Quirites'
344 1443 394 1504 sed
411 1442 449 1503 ‘bi
465 1442 614 1518 Quirites,
630 1443 700 1504 licet
714 1443 874 1522 legerimus
887 1443 954 1504 boc.
983 1441 1072 1522 legite
1087 1441 1117 1503 in
1130 1441 1186 1503 Pe·

106 1527 222 1602 tronio‚
239 1535 269 1588 et
282 1526 438 1590 invenietis
453 1527 489 1590 de
505 1528 687 1592 nominativo
702 1528 844 1608 singulari
867 1528 925 1589 boc
945 1527 1064 1592 laetum.
1101 1536 1133 1588 et
1146 1525 1188 1588 ait

108 1611 272 1675 Petronius
290 1610 347 1673 ‘hic
362 1611 501 1684 Quirites'

199 1709 310 1772 Quirites
322 1727 376 1777 pre
394 1710 499 1772 Quiritis
518 1717 693 1768 commentam
707 1700 949 1777 grammaticorum

606 1866 700 1928 XXIII

198 1969 402 2047 grammaticas
417 1965 451 2028 de
467 1966 561 2029 datiis
573 1969 739 2031 nominibus
752 1989 781 2050 p.
796 1963 869 2041 578,
884 1963 927 2030 23
941 1967 983 2029 K:
1004 1968 1114 2032 iratum
1135 1982 1187 2044 ge·

108 2051 196 2115 neris
211 2052 309 2113 neutri
325 2059 354 2114 et
369 2051 522 2132 pluraliter
537 2053 621 2128 irata,
637 2061 671 2116 ut
685 2052 844 2117 Petronius
859 2053 943 2114 ‘freta
957 2049 1126 2116 Nereidum'

200 2150 234 2212 cf.
258 2151 322 2204 treta
341 2150 464 2204 Nereides
487 2153 516 2202 in
539 2155 658 2206 carmine
682 2153 774 2204 adlato
798 2169 815 2203 a
833 2151 961 2204 1110001110
985 2150 1138 2218 rupert
1162 2152 1189 2200 et

108 2220 256 2274 Victoriae
274 2220 318 2270 ΙΙΙ
333 2220 349 2272 7
364 2235 391 2286 p.
406 2219 454 2272 114

584 2320 714 2384 XXIIII*

201 2422 396 2504 Hieronymus
409 2428 441 2486 in
456 2423 577 2506 epistula
597 2425 635 2488 ad
656 2423 865 2487 Demetriadem
888 2419 1000 2485 CXXX
1015 2417 1058 2484 19
1075 2440 1106 2503 p.
1122 2416 1188 2484 995

113 2507 270 2571 Vallensii:
285 2509 503 2571 cincinnatulos
517 2526 628 2589 pueros
643 2517 673 2571 et
687 2509 899 2571 calamIstratos
914 2515 943 2568 et
952 2507 1105 2588 peregrini
1120 2524 1186 2567 mu·

108 2594 154 2656 ris
170 2593 285 2656 olentes
299 2593 460 2674 pelliculas,
476 2595 512 2655 de
528 2593 636 2672 quibus
652 2593 723 2655 illud
739 2593 849 2655 Arbitri
864 2602 909 2655 est

339 2684 410 2740 ‘non
428 2679 505 2740 bene
520 2679 579 2740 olet
594 2679 644 2760 qui
660 2680 737 2741 bene
752 2695 872 2760 semper
887 2677 965 2753 olei,

108 2763 198 2843 quasi
213 2759 354 2843 quasdam
370 2772 468 2845 pestes
483 2772 513 2825 et
527 2783 643 2826 venena
657 2765 814 2846 pudicitiae
829 2764 912 2844 virgo
928 2763 1035 2826 devitet
1106 2820 1112 2824 .

200 2861 268 2914 trivii
276 2878 331 2929 pro
342 2861 437 2915 Arbitri
449 2878 496 2915 ms.
512 2863 693 2916 cisterciense.
723 2863 858 2916 Martiales
870 2863 916 2914 ille
927 2857 1018 2915 oe'ram
1029 2866 1070 2914 eet
1079 2862 1110 2914 11
1120 2860 1161 2927 12,
1171 2861 1189 2914 A

108 2929 324 2998 cfioap.2p.'t‚
340 2934 370 2984 16

599 3032 699 3097 XXV*

199 3133 366 3215 Fulgentius
379 3135 589 3216 mytbelepioon
605 3134 639 3197 II
655 3131 677 3198 9
691 3156 721 3217 p.
737 3130 780 3198 80
802 3134 834 3198 de
851 3133 1030 3196 Prometbee:
1053 3137 1186 3214 quamvis

108 3219 295 3300 Nicagoras.
313 3265 320 3280 .
337 3221 588 3300 .primumillum
610 3222 753 3284 formasse
773 3219 886 3282 idolum
907 3221 1033 3292 relerat,
1054 3229 1084 3284 et
1105 3222 1185 3303 quod

108 3305 223 3367 vulturi
235 3306 318 3368 ieeur
331 3305 486 3385 praebeat,
502 3305 601 3370 livoris
622 3306 706 3385 quasi
726 3305 830 3385 pingat
849 3305 1016 3386 imaginem.
1054 3308 1134 3370 unde
1157 3315 1188 3370 et

108 3390 272 3452 Petronius
287 3389 405 3454 Arbiter
419 3391 459 3452 ait

355 3477 416 3556 ‘qui
431 3475 529 3537 vultur
543 3476 626 3540 iecur
641 3475 778 3538 initurum
792 3484 928 3555 pererret

360 3570 390 3622 et
403 3569 509 3640 pactus
523 3561 614 3622 trahit
628 3560 807 3642 intimasque
822 3560 922 3635 libras,

360 3665 422 3708 non
438 3654 483 3708 est
498 3665 587 3725 quem
602 3645 692 3726 lepidi
707 3654 815 3709 vocant
828 3653 943 3727 poetae,

361 3731 411 3792 sod
429 3731 527 3794 cordis
540 3731 626 3804 male,
641 3730 716 3792 livor
730 3738 818 3810 atquc
833 3728 928 3792 luxus’

182 3843 260 3880 verra
280 3831 292 3882 1
313 3829 354 3882 cni
373 3829 437 3882 libri
451 3830 456 3898 1
471 3830 589 3884 altimum
608 3827 735 3898 1101110111
752 3831 766 3882 2
788 3829 873 3896 querit
890 3833 980 3895 pectus
999 3827 1063 3882 libri
1076 3833 1191 3894 praeter·

110 3895 231 3948 codicem
249 3897 371 3948 Danielis
384 3897 420 3964 l³
441 3898 520 3964 tepidi
539 3896 652 3965 librili
670 3897 737 3949 mala
756 3911 805 3950 em.
824 3896 890 3948 tiens·

165 3988 269 4032 Petronii
281 3989 364 4032 satiras
383 3989 418 4033 ed.
431 3989 464 4032 111
968 3985 983 4036 8

1145 4318 1293 4432 1
