2780 4480
114 131 117 136 Ι
216 184 278 246 154
682 181 828 236 neuuilit

323 358 417 420 Gades
433 357 569 420 Herculis
584 356 776 435 umidumque
791 356 898 433 'lilium

249 456 277 507 tu
320 443 439 524 Cyllene
454 443 543 504 celeri
559 442 614 506 deo
630 442 741 516 niuosa,

323 529 406 602 tardo
422 529 534 607 gratior
548 535 682 589 aestuosa
697 526 840 600 Lemnos3

324 613 483 675 Hennaeae
499 613 637 676 Cererem
651 629 747 673 nurus
761 612 962 689 frequentant,

323 707 436 781 raptam
451 697 571 780 Cyzicos
587 705 718 760 ostrcosa
733 695 838 770 diuam,

324 785 484 847 formosam
499 784 645 846 Venerem
661 781 770 844 Cnidos
784 781 962 861 Paphosque

324 1190 402 1271 quod
418 1190 473 1252 sim
489 1189 545 1250 iam
561 1188 663 1252 senior
676 1206 836 1268 meumque
851 1188 933 1250 cauis

325 1294 393 1336 cum
405 1274 497 1336 barba
513 1283 601 1354 caput
615 1273 723 1335 albicet
737 1272 865 1354 capillis:

325 1359 487 1441 deprensos
503 1377 558 1437 ego
573 1360 724 1439 perforare
738 1376 862 1439 possum

325 1446 485 1507 Tithonum
501 1443 709 1525 Priamumque
725 1445 950 1522 Nestoremque.

692 1593 821 1657 Lxxvu

324 1700 485 1761 immanem
501 1699 685 1762 stomachum
702 1697 773 1760 mihi
788 1697 920 1782 movetis,

324 1785 375 1863 qui
390 1785 511 1847 densam
526 1784 621 1846 lacitIs
636 1782 762 1845 subinde
778 1801 895 1862 saepem

325 1879 355 1931 et
368 1870 449 1930 fures
463 1868 627 1949 prohibetis
641 1867 700 1928 huc
715 1868 804 1930 adire.

325 1954 382 2014 hoc
396 1963 441 2016 est
455 1953 581 2028 laedere,
597 1953 667 2014 dum
682 1953 802 2029 iuratis;
816 1953 875 2014 hoc
890 1961 935 2014 est

325 2058 387 2100 uon
403 2039 555 2100 admittere
571 2039 606 2100 ad
622 2056 767 2120 aucupem
781 2038 925 2099 volueres.

327 2123 477 2186 obstructa
492 2131 536 2185 est
550 2123 604 2200 via,
621 2139 677 2186 nec
692 2123 762 2184 licet
776 2123 883 2185 iacenti

325 2209 436 2270 iactura
451 2209 527 2271 natis
542 2209 660 2290 expiare
675 2209 800 2291 culpam.

326 2313 396 2375 ergo
413 2295 465 2375 qui
480 2293 562 2374 prius
577 2311 672 2376 usque
688 2301 717 2356 et
732 2311 826 2373 usque
843 2302 872 2354 et
886 2310 980 2372 usque

326 2380 425 2441 furum
442 2378 583 2442 scindere
593 2379 715 2460 podices
730 2378 869 2455 solebam,

325 2484 380 2545 per
395 2473 497 2527 noctes
514 2464 626 2544 aliquot
640 2465 761 2546 diesque
777 2482 870 2526 cesso.

326 2569 438 2630 poenes
453 2550 490 2611 do
505 2547 723 2629 quoque‚'qnot
738 2549 807 2610 satis
821 2565 971 2629 superque
986 2556 1040 2626 est,

325 2635 355 2695 in
372 2652 533 2712 semenque
549 2633 622 2694 abeo
638 2634 776 2712 salaxque
795 2632 944 2711 quondam

327 2737 408 2781 nunc
422 2719 511 2779 vitam
526 2735 636 2798 perago
651 2751 693 2762 -
710 2718 776 2796 quis
790 2717 848 2778 hoc
863 2716 1003 2797 putaret?
1017 2748 1059 2762 -—

326 2812 359 2866 ut
374 2803 472 2865 elusus
488 2803 674 2865 citharoedus
689 2801 896 2864 abstinentem.

327 2899 357 2951 at
371 2907 431 2965 vos,
448 2907 486 2950 ne
501 2906 620 2968 peream
635 2887 693 2949 situ
708 2887 803 2961 senili,

326 2993 444 3054 quaeso,
460 2973 585 3036 desinite
601 2991 666 3036 esse
680 2973 834 3052 diligentes
870 2999 872 3006 ⁴

327 3079 400 3122 uere
415 3059 558 3141 imponite
574 3058 694 3121 llbulam
708 3057 825 3139 Priapo.

683 3209 826 3274 LXXVIII

327 3314 364 3373 At
379 3312 407 3374 di
423 3314 553 3391 deaeque
568 3310 890 3374 dentibus'tuisescam

328 3406 448 3476 negent,
463 3397 573 3459 amicae
589 3397 763 3478 cunnilingc
777 3396 899 3472 uicinae,

327 3501 380 3564 per
395 3501 484 3563 quem
498 3482 597 3562 puella
610 3484 696 3546 forus
710 3491 779 3545 ante
794 3501 851 3544 nec
864 3481 1005 3544 mendax*

328 3575 358 3630 et
373 3585 448 3646 quae
462 3567 575 3628 solebat
589 3567 809 3648 impigrooeler
822 3585 912 3648 passu

268 3665 283 3714 5
326 3654 362 3716 ad
378 3672 434 3714 nos
449 3652 559 3727 venire,
576 3671 657 3714 nunc
672 3653 783 3715 mIsella
798 3653 931 3714 landicae

323 3739 370 3800 rix
386 3757 474 3819 posse
490 3737 567 3799 iurat
583 3736 731 3800 ambulare
746 3746 818 3820 prae
832 3737 927 3800 l.ossis

223 3845 425 3860 —ae—d—-u-——n-

304 3889 414 3942 Lllllllll
427 3893 440 3944 1
459 3889 553 3942 videtis
593 3893 621 3943 13
634 3890 777 3942 nonullam
792 3887 796 3957 l
814 3892 845 3942 lt
863 3894 892 3941 ut
904 3888 992 3941 elusus
1002 3885 1103 3952 (clusus
1114 3903 1187 3939 uuus
1200 3888 1297 3952 codex)

220 3957 383 4012 citharoedus
401 3958 556 4011 abstinerem
575 3956 711 4025 lLllllVlll
729 3961 743 4010 5
762 3957 875 4010 landices
1001 3973 1003 3982 ’
