<?xml version="1.0" encoding="UTF-8"?>
<!DOCTYPE html PUBLIC "-//W3C//DTD XHTML 1.0 Transitional//EN"
    "http://www.w3.org/TR/xhtml1/DTD/xhtml1-transitional.dtd">
<html xmlns="http://www.w3.org/1999/xhtml" xml:lang="en" lang="en">
 <head>
  <title>
</title>
<meta http-equiv="Content-Type" content="text/html;charset=utf-8" />
  <meta name='ocr-system' content='tesseract 3.04.00' />
  <meta name='ocr-capabilities' content='ocr_page ocr_carea ocr_par ocr_line ocrx_word'/>
</head>
<body>
  <div class='ocr_page' id='page_1' title='image "./satiraeetliberp00arbigoog_0147.png"; bbox 0 0 2780 4480; ppageno 0'>
   <div class='ocr_carea' id='block_1_1' title="bbox 693 191 840 247">
    <p class='ocr_par' dir='ltr' id='par_1_1' title="bbox 693 191 840 247">
     <span class='ocr_line' id='line_1_1' title="bbox 693 191 840 247; baseline 0 -1"><span class='ocrx_word' id='word_1_1' title='bbox 693 191 840 247; x_wconf 68' lang='lat' dir='ltr'><strong>ulkillus</strong></span> 
     </span>
    </p>
   </div>
   <div class='ocr_carea' id='block_1_2' title="bbox 337 449 917 1296">
    <p class='ocr_par' dir='ltr' id='par_1_2' title="bbox 337 449 917 616">
     <span class='ocr_line' id='line_1_2' title="bbox 337 449 917 531; baseline 0.007 -20"><span class='ocrx_word' id='word_1_2' title='bbox 337 449 403 514; x_wconf 93' lang='lat' dir='ltr'><strong>Huc</strong></span> <span class='ocrx_word' id='word_1_3' title='bbox 417 453 485 525; x_wconf 88' lang='lat' dir='ltr'><strong>huc,</strong></span> <span class='ocrx_word' id='word_1_4' title='bbox 501 451 635 531; x_wconf 87' lang='lat' dir='ltr'><strong>quisquis</strong></span> <span class='ocrx_word' id='word_1_5' title='bbox 648 470 690 526; x_wconf 78' lang='lat' dir='ltr'><strong>es,</strong></span> <span class='ocrx_word' id='word_1_6' title='bbox 706 451 737 514; x_wconf 89' lang='lat' dir='ltr'><strong>in</strong></span> <span class='ocrx_word' id='word_1_7' title='bbox 753 452 800 514; x_wconf 90' lang='lat' dir='ltr'><strong>dei</strong></span> <span class='ocrx_word' id='word_1_8' title='bbox 814 452 917 515; x_wconf 87' lang='lat' dir='ltr'><strong>salecis</strong></span> 
     </span>
     <span class='ocr_line' id='line_1_3' title="bbox 337 536 851 616; baseline 0.002 -17"><span class='ocrx_word' id='word_1_9' title='bbox 337 536 448 600; x_wconf 83' lang='lat' dir='ltr'><strong>deverti</strong></span> <span class='ocrx_word' id='word_1_10' title='bbox 462 551 548 616; x_wconf 79' lang='lat' dir='ltr'><strong>greve</strong></span> <span class='ocrx_word' id='word_1_11' title='bbox 564 554 603 598; x_wconf 87' lang='lat' dir='ltr'><strong>ne</strong></span> <span class='ocrx_word' id='word_1_12' title='bbox 618 546 688 616; x_wconf 87' lang='lat' dir='ltr'><strong>puta</strong></span> <span class='ocrx_word' id='word_1_13' title='bbox 702 538 851 600; x_wconf 83' lang='lat' dir='ltr'><strong>secebum.</strong></span> 
     </span>
    </p>

    <p class='ocr_par' dir='ltr' id='par_1_3' title="bbox 338 622 814 702">
     <span class='ocr_line' id='line_1_4' title="bbox 338 622 814 702; baseline 0.004 -20"><span class='ocrx_word' id='word_1_14' title='bbox 338 629 368 682; x_wconf 91' lang='lat' dir='ltr'><strong>et</strong></span> <span class='ocrx_word' id='word_1_15' title='bbox 382 622 406 684; x_wconf 90' lang='lat' dir='ltr'><strong>si</strong></span> <span class='ocrx_word' id='word_1_16' title='bbox 422 631 509 682; x_wconf 89' lang='lat' dir='ltr'><strong>nocte</strong></span> <span class='ocrx_word' id='word_1_17' title='bbox 524 622 580 683; x_wconf 86' lang='lat' dir='ltr'><strong>luit</strong></span> <span class='ocrx_word' id='word_1_18' title='bbox 594 623 690 702; x_wconf 87' lang='lat' dir='ltr'><strong>puella</strong></span> <span class='ocrx_word' id='word_1_19' title='bbox 704 629 814 697; x_wconf 85' lang='lat' dir='ltr'><strong>tecum,</strong></span> 
     </span>
    </p>

    <p class='ocr_par' dir='ltr' id='par_1_4' title="bbox 337 706 912 854">
     <span class='ocr_line' id='line_1_5' title="bbox 337 706 912 786; baseline 0.003 -18"><span class='ocrx_word' id='word_1_20' title='bbox 337 706 393 768; x_wconf 91' lang='lat' dir='ltr'><strong>bac</strong></span> <span class='ocrx_word' id='word_1_21' title='bbox 407 724 440 767; x_wconf 95' lang='lat' dir='ltr'><strong>re</strong></span> <span class='ocrx_word' id='word_1_22' title='bbox 455 706 533 786; x_wconf 96' lang='lat' dir='ltr'><strong>quod</strong></span> <span class='ocrx_word' id='word_1_23' title='bbox 549 715 662 768; x_wconf 89' lang='lat' dir='ltr'><strong>metuas</strong></span> <span class='ocrx_word' id='word_1_24' title='bbox 677 707 766 782; x_wconf 90' lang='lat' dir='ltr'><strong>adire,</strong></span> <span class='ocrx_word' id='word_1_25' title='bbox 783 726 844 769; x_wconf 91' lang='lat' dir='ltr'><strong>non</strong></span> <span class='ocrx_word' id='word_1_26' title='bbox 859 717 912 770; x_wconf 89' lang='lat' dir='ltr'><strong>est.</strong></span> 
     </span>
     <span class='ocr_line' id='line_1_6' title="bbox 337 791 817 854; baseline 0 0"><span class='ocrx_word' id='word_1_27' title='bbox 337 791 413 854; x_wconf 86' lang='lat' dir='ltr'><strong>istuc</strong></span> <span class='ocrx_word' id='word_1_28' title='bbox 428 791 580 853; x_wconf 88' lang='lat' dir='ltr'><strong>caelitibus</strong></span> <span class='ocrx_word' id='word_1_29' title='bbox 595 791 680 853; x_wconf 90' lang='lat' dir='ltr'><strong>datur</strong></span> <span class='ocrx_word' id='word_1_30' title='bbox 694 792 817 854; x_wconf 78' lang='lat' dir='ltr'><strong>severis:</strong></span> 
     </span>
    </p>

    <p class='ocr_par' dir='ltr' id='par_1_5' title="bbox 337 875 887 1296">
     <span class='ocr_line' id='line_1_7' title="bbox 337 875 887 956; baseline 0.002 -18"><span class='ocrx_word' id='word_1_31' title='bbox 337 895 393 938; x_wconf 89' lang='lat' dir='ltr'><strong>nos</strong></span> <span class='ocrx_word' id='word_1_32' title='bbox 408 893 519 956; x_wconf 79' lang='lat' dir='ltr'>vappae</span> <span class='ocrx_word' id='word_1_33' title='bbox 533 895 636 939; x_wconf 89' lang='lat' dir='ltr'><strong>sumus</strong></span> <span class='ocrx_word' id='word_1_34' title='bbox 651 883 681 937; x_wconf 89' lang='lat' dir='ltr'><strong>et</strong></span> <span class='ocrx_word' id='word_1_35' title='bbox 694 875 801 956; x_wconf 87' lang='lat' dir='ltr'><strong>pusilla</strong></span> <span class='ocrx_word' id='word_1_36' title='bbox 815 877 887 939; x_wconf 87' lang='lat' dir='ltr'><strong>culti</strong></span> 
     </span>
     <span class='ocr_line' id='line_1_8' title="bbox 338 960 864 1041; baseline 0.002 -19"><span class='ocrx_word' id='word_1_37' title='bbox 338 961 416 1022; x_wconf 85' lang='lat' dir='ltr'><strong>ruris</strong></span> <span class='ocrx_word' id='word_1_38' title='bbox 431 960 564 1036; x_wconf 84' lang='lat' dir='ltr'><strong>numina,</strong></span> <span class='ocrx_word' id='word_1_39' title='bbox 581 980 636 1022; x_wconf 92' lang='lat' dir='ltr'><strong>nos</strong></span> <span class='ocrx_word' id='word_1_40' title='bbox 650 961 764 1040; x_wconf 91' lang='lat' dir='ltr'><strong>pudore</strong></span> <span class='ocrx_word' id='word_1_41' title='bbox 778 963 864 1041; x_wconf 90' lang='lat' dir='ltr'><strong>pulso</strong></span> 
     </span>
     <span class='ocr_line' id='line_1_9' title="bbox 337 1045 843 1126; baseline 0.002 -19"><span class='ocrx_word' id='word_1_42' title='bbox 337 1053 448 1107; x_wconf 88' lang='lat' dir='ltr'><strong>stamus</strong></span> <span class='ocrx_word' id='word_1_43' title='bbox 464 1045 519 1107; x_wconf 93' lang='lat' dir='ltr'><strong>sub</strong></span> <span class='ocrx_word' id='word_1_44' title='bbox 535 1045 602 1107; x_wconf 87' lang='lat' dir='ltr'><strong>love</strong></span> <span class='ocrx_word' id='word_1_45' title='bbox 617 1046 709 1108; x_wconf 87' lang='lat' dir='ltr'><strong>coleis</strong></span> <span class='ocrx_word' id='word_1_46' title='bbox 723 1047 843 1126; x_wconf 82' lang='lat' dir='ltr'><strong>apertis.</strong></span> 
     </span>
     <span class='ocr_line' id='line_1_10' title="bbox 339 1129 843 1209; baseline 0.002 -18"><span class='ocrx_word' id='word_1_47' title='bbox 339 1147 411 1209; x_wconf 85' lang='lat' dir='ltr'><strong>ergo</strong></span> <span class='ocrx_word' id='word_1_48' title='bbox 427 1129 550 1207; x_wconf 80' lang='lat' dir='ltr'>quilibet</span> <span class='ocrx_word' id='word_1_49' title='bbox 564 1130 623 1192; x_wconf 92' lang='lat' dir='ltr'><strong>buc</strong></span> <span class='ocrx_word' id='word_1_50' title='bbox 638 1130 737 1192; x_wconf 78' lang='lat' dir='ltr'>licebit</span> <span class='ocrx_word' id='word_1_51' title='bbox 751 1130 843 1192; x_wconf 84' lang='lat' dir='ltr'><strong>intret</strong></span> 
     </span>
     <span class='ocr_line' id='line_1_11' title="bbox 337 1212 803 1296; baseline 0.002 -21"><span class='ocrx_word' id='word_1_52' title='bbox 337 1214 422 1293; x_wconf 82' lang='lat' dir='ltr'><strong>nigra</strong></span> <span class='ocrx_word' id='word_1_53' title='bbox 437 1214 559 1277; x_wconf 80' lang='lat' dir='ltr'><strong>fornicis</strong></span> <span class='ocrx_word' id='word_1_54' title='bbox 574 1212 683 1277; x_wconf 91' lang='lat' dir='ltr'><strong>oblitus</strong></span> <span class='ocrx_word' id='word_1_55' title='bbox 698 1215 803 1296; x_wconf 74' lang='lat' dir='ltr'><strong>lapillo.</strong></span> 
     </span>
    </p>
   </div>
   <div class='ocr_carea' id='block_1_3' title="bbox 337 1450 925 2037">
    <p class='ocr_par' dir='ltr' id='par_1_6' title="bbox 337 1450 925 2037">
     <span class='ocr_line' id='line_1_12' title="bbox 338 1450 910 1515; baseline -0.003 0"><span class='ocrx_word' id='word_1_56' title='bbox 338 1450 499 1515; x_wconf 86' lang='lat' dir='ltr'><strong>Commisso</strong></span> <span class='ocrx_word' id='word_1_57' title='bbox 515 1451 587 1514; x_wconf 90' lang='lat' dir='ltr'><strong>mibi</strong></span> <span class='ocrx_word' id='word_1_58' title='bbox 602 1471 664 1514; x_wconf 93' lang='lat' dir='ltr'><strong>non</strong></span> <span class='ocrx_word' id='word_1_59' title='bbox 680 1452 749 1514; x_wconf 79' lang='lat' dir='ltr'><strong>satis</strong></span> <span class='ocrx_word' id='word_1_60' title='bbox 764 1452 910 1514; x_wconf 87' lang='lat' dir='ltr'><strong>modestas</strong></span> 
     </span>
     <span class='ocr_line' id='line_1_13' title="bbox 339 1536 890 1616; baseline -0.002 -18"><span class='ocrx_word' id='word_1_61' title='bbox 339 1536 509 1616; x_wconf 82' lang='lat' dir='ltr'><strong>quicunque</strong></span> <span class='ocrx_word' id='word_1_62' title='bbox 524 1536 654 1598; x_wconf 85' lang='lat' dir='ltr'><strong>attulerit</strong></span> <span class='ocrx_word' id='word_1_63' title='bbox 667 1555 773 1599; x_wconf 87' lang='lat' dir='ltr'><strong>manus</strong></span> <span class='ocrx_word' id='word_1_64' title='bbox 787 1537 890 1616; x_wconf 80' lang='lat' dir='ltr'><strong>egebo,</strong></span> 
     </span>
     <span class='ocr_line' id='line_1_14' title="bbox 338 1622 887 1702; baseline -0.005 -18"><span class='ocrx_word' id='word_1_65' title='bbox 338 1622 363 1684; x_wconf 91' lang='lat' dir='ltr'><strong>is</strong></span> <span class='ocrx_word' id='word_1_66' title='bbox 377 1640 424 1683; x_wconf 91' lang='lat' dir='ltr'><strong>me</strong></span> <span class='ocrx_word' id='word_1_67' title='bbox 438 1622 547 1683; x_wconf 76' lang='lat' dir='ltr'><strong>sentiet</strong></span> <span class='ocrx_word' id='word_1_68' title='bbox 561 1640 700 1684; x_wconf 89' lang='lat' dir='ltr'><strong>essenon</strong></span> <span class='ocrx_word' id='word_1_69' title='bbox 715 1623 887 1702; x_wconf 82' lang='lat' dir='ltr'><strong>spadonem.</strong></span> 
     </span>
     <span class='ocr_line' id='line_1_15' title="bbox 340 1706 925 1786; baseline -0.003 -18"><span class='ocrx_word' id='word_1_70' title='bbox 340 1707 418 1768; x_wconf 86' lang='lat' dir='ltr'><strong>dicat</strong></span> <span class='ocrx_word' id='word_1_71' title='bbox 432 1707 555 1768; x_wconf 79' lang='lat' dir='ltr'><strong>forsitan</strong></span> <span class='ocrx_word' id='word_1_72' title='bbox 570 1707 643 1767; x_wconf 83' lang='lat' dir='ltr'><strong>bsec</strong></span> <span class='ocrx_word' id='word_1_73' title='bbox 658 1706 715 1768; x_wconf 93' lang='lat' dir='ltr'><strong>sibi</strong></span> <span class='ocrx_word' id='word_1_74' title='bbox 731 1707 809 1786; x_wconf 89' lang='lat' dir='ltr'><strong>ipse:</strong></span> <span class='ocrx_word' id='word_1_75' title='bbox 826 1710 925 1768; x_wconf 87' lang='lat' dir='ltr'><strong>‘nemo</strong></span> 
     </span>
     <span class='ocr_line' id='line_1_16' title="bbox 337 1790 825 1852; baseline -0.004 0"><span class='ocrx_word' id='word_1_76' title='bbox 337 1791 385 1852; x_wconf 88' lang='lat' dir='ltr'><strong>hic</strong></span> <span class='ocrx_word' id='word_1_77' title='bbox 401 1791 479 1852; x_wconf 90' lang='lat' dir='ltr'><strong>inter</strong></span> <span class='ocrx_word' id='word_1_78' title='bbox 494 1790 615 1852; x_wconf 81' lang='lat' dir='ltr'><strong>frutices</strong></span> <span class='ocrx_word' id='word_1_79' title='bbox 629 1791 696 1852; x_wconf 86' lang='lat' dir='ltr'><strong>loco</strong></span> <span class='ocrx_word' id='word_1_80' title='bbox 712 1798 825 1852; x_wconf 89' lang='lat' dir='ltr'><strong>remoto</strong></span> 
     </span>
     <span class='ocr_line' id='line_1_17' title="bbox 337 1875 911 1956; baseline -0.002 -20"><span class='ocrx_word' id='word_1_81' title='bbox 337 1875 487 1956; x_wconf 89' lang='lat' dir='ltr'><strong>percisum</strong></span> <span class='ocrx_word' id='word_1_82' title='bbox 501 1876 574 1936; x_wconf 88' lang='lat' dir='ltr'><strong>sciet</strong></span> <span class='ocrx_word' id='word_1_83' title='bbox 589 1893 653 1936; x_wconf 88' lang='lat' dir='ltr'><strong>esse</strong></span> <span class='ocrx_word' id='word_1_84' title='bbox 668 1875 734 1950; x_wconf 87' lang='lat' dir='ltr'><strong>me’,</strong></span> <span class='ocrx_word' id='word_1_85' title='bbox 749 1877 800 1937; x_wconf 88' lang='lat' dir='ltr'><strong>sed</strong></span> <span class='ocrx_word' id='word_1_86' title='bbox 816 1883 911 1936; x_wconf 83' lang='lat' dir='ltr'><strong>errat:</strong></span> 
     </span>
     <span class='ocr_line' id='line_1_18' title="bbox 337 1959 848 2037; baseline 0 -18"><span class='ocrx_word' id='word_1_87' title='bbox 337 1959 452 2037; x_wconf 81' lang='lat' dir='ltr'><strong>magnis</strong></span> <span class='ocrx_word' id='word_1_88' title='bbox 467 1959 591 2021; x_wconf 88' lang='lat' dir='ltr'><strong>testibus</strong></span> <span class='ocrx_word' id='word_1_89' title='bbox 604 1960 659 2022; x_wconf 88' lang='lat' dir='ltr'><strong>ista</strong></span> <span class='ocrx_word' id='word_1_90' title='bbox 674 1977 722 2021; x_wconf 87' lang='lat' dir='ltr'><strong>res</strong></span> <span class='ocrx_word' id='word_1_91' title='bbox 736 1968 848 2037; x_wconf 80' lang='lat' dir='ltr'><strong>egetur.</strong></span> 
     </span>
    </p>
   </div>
   <div class='ocr_carea' id='block_1_4' title="bbox 338 2195 1129 2873">
    <p class='ocr_par' dir='ltr' id='par_1_7' title="bbox 338 2195 1129 2362">
     <span class='ocr_line' id='line_1_19' title="bbox 338 2195 1129 2277; baseline 0.003 -20"><span class='ocrx_word' id='word_1_92' title='bbox 338 2195 481 2268; x_wconf 84' lang='lat' dir='ltr'><strong>Qualibus</strong></span> <span class='ocrx_word' id='word_1_93' title='bbox 496 2196 697 2276; x_wconf 81' lang='lat' dir='ltr'><strong>Hippomenes</strong></span> <span class='ocrx_word' id='word_1_94' title='bbox 710 2195 809 2276; x_wconf 76' lang='lat' dir='ltr'><strong>rapuit</strong></span> <span class='ocrx_word' id='word_1_95' title='bbox 823 2195 1008 2258; x_wconf 82' lang='lat' dir='ltr'><strong>Schoeneida</strong></span> <span class='ocrx_word' id='word_1_96' title='bbox 1023 2197 1129 2277; x_wconf 87' lang='lat' dir='ltr'><strong>pomis,</strong></span> 
     </span>
     <span class='ocr_line' id='line_1_20' title="bbox 381 2280 1056 2362; baseline -0.001 -19"><span class='ocrx_word' id='word_1_97' title='bbox 381 2280 517 2361; x_wconf 89' lang='lat' dir='ltr'><strong>qualibus</strong></span> <span class='ocrx_word' id='word_1_98' title='bbox 532 2280 728 2362; x_wconf 85' lang='lat' dir='ltr'><strong>Hesperidum</strong></span> <span class='ocrx_word' id='word_1_99' title='bbox 744 2280 851 2344; x_wconf 88' lang='lat' dir='ltr'><strong>nobibs</strong></span> <span class='ocrx_word' id='word_1_100' title='bbox 865 2282 969 2344; x_wconf 87' lang='lat' dir='ltr'><strong>hortus</strong></span> <span class='ocrx_word' id='word_1_101' title='bbox 983 2290 1056 2357; x_wconf 88' lang='lat' dir='ltr'><strong>erat,</strong></span> 
     </span>
    </p>

    <p class='ocr_par' dir='ltr' id='par_1_8' title="bbox 339 2365 1063 2534">
     <span class='ocr_line' id='line_1_21' title="bbox 339 2365 1063 2447; baseline -0.001 -17"><span class='ocrx_word' id='word_1_102' title='bbox 339 2367 434 2447; x_wconf 88' lang='lat' dir='ltr'><strong>qualia</strong></span> <span class='ocrx_word' id='word_1_103' title='bbox 449 2365 589 2430; x_wconf 90' lang='lat' dir='ltr'><strong>credibile</strong></span> <span class='ocrx_word' id='word_1_104' title='bbox 604 2376 650 2430; x_wconf 85' lang='lat' dir='ltr'><strong>est</strong></span> <span class='ocrx_word' id='word_1_105' title='bbox 661 2368 838 2447; x_wconf 86' lang='lat' dir='ltr'><strong>spatiantem</strong></span> <span class='ocrx_word' id='word_1_106' title='bbox 853 2385 924 2429; x_wconf 88' lang='lat' dir='ltr'><strong>rure</strong></span> <span class='ocrx_word' id='word_1_107' title='bbox 938 2375 1063 2447; x_wconf 83' lang='lat' dir='ltr'><strong>paterno</strong></span> 
     </span>
     <span class='ocr_line' id='line_1_22' title="bbox 379 2453 969 2534; baseline 0 -21"><span class='ocrx_word' id='word_1_108' title='bbox 379 2453 553 2515; x_wconf 87' lang='lat' dir='ltr'><strong>Nausicaam</strong></span> <span class='ocrx_word' id='word_1_109' title='bbox 568 2454 658 2534; x_wconf 89' lang='lat' dir='ltr'><strong>pleno</strong></span> <span class='ocrx_word' id='word_1_110' title='bbox 673 2471 761 2533; x_wconf 87' lang='lat' dir='ltr'><strong>saepe</strong></span> <span class='ocrx_word' id='word_1_111' title='bbox 776 2453 877 2515; x_wconf 85' lang='lat' dir='ltr'><strong>tulisse</strong></span> <span class='ocrx_word' id='word_1_112' title='bbox 890 2453 969 2525; x_wconf 85' lang='lat' dir='ltr'><strong>sinu,</strong></span> 
     </span>
    </p>

    <p class='ocr_par' dir='ltr' id='par_1_9' title="bbox 340 2537 1068 2703">
     <span class='ocr_line' id='line_1_23' title="bbox 340 2537 1068 2618; baseline 0 -20"><span class='ocrx_word' id='word_1_113' title='bbox 340 2537 426 2616; x_wconf 90' lang='lat' dir='ltr'><strong>quale</strong></span> <span class='ocrx_word' id='word_1_114' title='bbox 440 2538 496 2599; x_wconf 84' lang='lat' dir='ltr'><strong>fuit</strong></span> <span class='ocrx_word' id='word_1_115' title='bbox 511 2538 622 2599; x_wconf 90' lang='lat' dir='ltr'><strong>malum</strong></span> <span class='ocrx_word' id='word_1_116' title='bbox 637 2538 717 2618; x_wconf 95' lang='lat' dir='ltr'><strong>quod</strong></span> <span class='ocrx_word' id='word_1_117' title='bbox 732 2538 828 2599; x_wconf 86' lang='lat' dir='ltr'><strong>bttera</strong></span> <span class='ocrx_word' id='word_1_118' title='bbox 842 2537 939 2618; x_wconf 84' lang='lat' dir='ltr'><strong>pinxit</strong></span> <span class='ocrx_word' id='word_1_119' title='bbox 953 2537 1068 2612; x_wconf 78' lang='lat' dir='ltr'><strong>Aconti,</strong></span> 
     </span>
     <span class='ocr_line' id='line_1_24' title="bbox 386 2622 1020 2703; baseline 0.005 -21"><span class='ocrx_word' id='word_1_120' title='bbox 386 2639 443 2700; x_wconf 89' lang='lat' dir='ltr'><strong>qua</strong></span> <span class='ocrx_word' id='word_1_121' title='bbox 459 2622 533 2683; x_wconf 91' lang='lat' dir='ltr'><strong>lecta</strong></span> <span class='ocrx_word' id='word_1_122' title='bbox 548 2623 655 2701; x_wconf 90' lang='lat' dir='ltr'><strong>cupido</strong></span> <span class='ocrx_word' id='word_1_123' title='bbox 669 2631 754 2702; x_wconf 80' lang='lat' dir='ltr'><strong>pecta</strong></span> <span class='ocrx_word' id='word_1_124' title='bbox 770 2623 868 2703; x_wconf 84' lang='lat' dir='ltr'><strong>pueHa</strong></span> <span class='ocrx_word' id='word_1_125' title='bbox 882 2623 945 2684; x_wconf 84' lang='lat' dir='ltr'><strong>viro</strong></span> <span class='ocrx_word' id='word_1_126' title='bbox 961 2631 1020 2685; x_wconf 83' lang='lat' dir='ltr'><strong>est:</strong></span> 
     </span>
    </p>

    <p class='ocr_par' dir='ltr' id='par_1_10' title="bbox 338 2706 1035 2873">
     <span class='ocr_line' id='line_1_25' title="bbox 338 2706 1035 2787; baseline 0.004 -22"><span class='ocrx_word' id='word_1_127' title='bbox 338 2706 405 2767; x_wconf 86' lang='lat' dir='ltr'><strong>talia</strong></span> <span class='ocrx_word' id='word_1_128' title='bbox 421 2724 541 2786; x_wconf 91' lang='lat' dir='ltr'><strong>cunque</strong></span> <span class='ocrx_word' id='word_1_129' title='bbox 556 2724 632 2786; x_wconf 91' lang='lat' dir='ltr'><strong>puer</strong></span> <span class='ocrx_word' id='word_1_130' title='bbox 647 2707 786 2770; x_wconf 89' lang='lat' dir='ltr'><strong>dominus</strong></span> <span class='ocrx_word' id='word_1_131' title='bbox 801 2708 934 2770; x_wconf 87' lang='lat' dir='ltr'><strong>florentis</strong></span> <span class='ocrx_word' id='word_1_132' title='bbox 947 2707 1035 2787; x_wconf 78' lang='lat' dir='ltr'><strong>agelli</strong></span> 
     </span>
     <span class='ocr_line' id='line_1_26' title="bbox 384 2790 985 2873; baseline 0.005 -22"><span class='ocrx_word' id='word_1_133' title='bbox 384 2790 524 2870; x_wconf 83' lang='lat' dir='ltr'><strong>imposuit</strong></span> <span class='ocrx_word' id='word_1_134' title='bbox 539 2809 668 2866; x_wconf 85' lang='lat' dir='ltr'><strong>mensae,</strong></span> <span class='ocrx_word' id='word_1_135' title='bbox 685 2793 764 2854; x_wconf 89' lang='lat' dir='ltr'><strong>nude</strong></span> <span class='ocrx_word' id='word_1_136' title='bbox 779 2794 893 2873; x_wconf 82' lang='lat' dir='ltr'><strong>Priape,</strong></span> <span class='ocrx_word' id='word_1_137' title='bbox 908 2801 985 2855; x_wconf 89' lang='lat' dir='ltr'><strong>tuae.</strong></span> 
     </span>
    </p>
   </div>
   <div class='ocr_carea' id='block_1_5' title="bbox 336 2945 925 3273">
    <p class='ocr_par' dir='ltr' id='par_1_11' title="bbox 336 2945 925 3273">
     <span class='ocr_line' id='line_1_27' title="bbox 341 2945 925 3104; baseline 0.003 -16"><span class='ocrx_word' id='word_1_138' title='bbox 341 3027 420 3100; x_wconf 87' lang='lat' dir='ltr'><strong>Quid</strong></span> <span class='ocrx_word' id='word_1_139' title='bbox 435 3045 552 3091; x_wconf 91' lang='lat' dir='ltr'><strong>mecum</strong></span> <span class='ocrx_word' id='word_1_140' title='bbox 566 3029 630 3104; x_wconf 88' lang='lat' dir='ltr'><strong>tibi,</strong></span> <span class='ocrx_word' id='word_1_141' title='bbox 646 2945 925 3093; x_wconf 69' lang='lat' dir='ltr'><strong>circitllrvlltoleste‘l</strong></span> 
     </span>
     <span class='ocr_line' id='line_1_28' title="bbox 336 3112 925 3194; baseline 0.003 -20"><span class='ocrx_word' id='word_1_142' title='bbox 336 3114 373 3175; x_wconf 90' lang='lat' dir='ltr'><strong>ad</strong></span> <span class='ocrx_word' id='word_1_143' title='bbox 387 3132 435 3175; x_wconf 89' lang='lat' dir='ltr'><strong>me</strong></span> <span class='ocrx_word' id='word_1_144' title='bbox 450 3113 520 3193; x_wconf 92' lang='lat' dir='ltr'><strong>quid</strong></span> <span class='ocrx_word' id='word_1_145' title='bbox 535 3115 676 3194; x_wconf 87' lang='lat' dir='ltr'><strong>prohibes</strong></span> <span class='ocrx_word' id='word_1_146' title='bbox 690 3116 791 3178; x_wconf 87' lang='lat' dir='ltr'><strong>venire</strong></span> <span class='ocrx_word' id='word_1_147' title='bbox 806 3112 925 3176; x_wconf 79' lang='lat' dir='ltr'><strong>iurem?</strong></span> 
     </span>
     <span class='ocr_line' id='line_1_29' title="bbox 336 3198 799 3273; baseline 0.002 -14"><span class='ocrx_word' id='word_1_148' title='bbox 336 3198 463 3273; x_wconf 84' lang='lat' dir='ltr'><strong>accedat,</strong></span> <span class='ocrx_word' id='word_1_149' title='bbox 479 3199 558 3261; x_wconf 90' lang='lat' dir='ltr'><strong>sine:</strong></span> <span class='ocrx_word' id='word_1_150' title='bbox 574 3200 668 3260; x_wconf 81' lang='lat' dir='ltr'><strong>laxior</strong></span> <span class='ocrx_word' id='word_1_151' title='bbox 682 3199 799 3261; x_wconf 89' lang='lat' dir='ltr'><strong>redibit.</strong></span> 
     </span>
    </p>
   </div>
   <div class='ocr_carea' id='block_1_6' title="bbox 720 3349 812 3411">
    <p class='ocr_par' dir='ltr' id='par_1_12' title="bbox 720 3349 812 3411">
     <span class='ocr_line' id='line_1_30' title="bbox 720 3349 812 3411; baseline 0.011 -1"><span class='ocrx_word' id='word_1_152' title='bbox 720 3349 812 3411; x_wconf 91' lang='lat' dir='ltr'><strong>llVlll</strong></span> 
     </span>
    </p>
   </div>
   <div class='ocr_carea' id='block_1_7' title="bbox 340 3433 1093 3602">
    <p class='ocr_par' dir='ltr' id='par_1_13' title="bbox 340 3433 1093 3602">
     <span class='ocr_line' id='line_1_31' title="bbox 340 3433 1093 3515; baseline -0.003 -18"><span class='ocrx_word' id='word_1_153' title='bbox 340 3433 537 3497; x_wconf 82' lang='lat' dir='ltr'><strong>Commoditas</strong></span> <span class='ocrx_word' id='word_1_154' title='bbox 552 3435 624 3496; x_wconf 90' lang='lat' dir='ltr'><strong>haec</strong></span> <span class='ocrx_word' id='word_1_155' title='bbox 640 3445 684 3497; x_wconf 85' lang='lat' dir='ltr'><strong>est</strong></span> <span class='ocrx_word' id='word_1_156' title='bbox 699 3435 730 3496; x_wconf 95' lang='lat' dir='ltr'><strong>in</strong></span> <span class='ocrx_word' id='word_1_157' title='bbox 747 3442 850 3496; x_wconf 88' lang='lat' dir='ltr'><strong>nostro</strong></span> <span class='ocrx_word' id='word_1_158' title='bbox 865 3435 991 3497; x_wconf 80' lang='lat' dir='ltr'><strong>maxima</strong></span> <span class='ocrx_word' id='word_1_159' title='bbox 1005 3452 1093 3515; x_wconf 90' lang='lat' dir='ltr'><strong>pene,</strong></span> 
     </span>
     <span class='ocr_line' id='line_1_32' title="bbox 383 3518 1050 3602; baseline 0.001 -23"><span class='ocrx_word' id='word_1_160' title='bbox 383 3518 446 3580; x_wconf 83' lang='lat' dir='ltr'><strong>laxa</strong></span> <span class='ocrx_word' id='word_1_161' title='bbox 462 3519 542 3598; x_wconf 92' lang='lat' dir='ltr'><strong>quod</strong></span> <span class='ocrx_word' id='word_1_162' title='bbox 557 3537 622 3582; x_wconf 92' lang='lat' dir='ltr'><strong>esse</strong></span> <span class='ocrx_word' id='word_1_163' title='bbox 637 3520 709 3581; x_wconf 95' lang='lat' dir='ltr'><strong>mibi</strong></span> <span class='ocrx_word' id='word_1_164' title='bbox 723 3519 834 3582; x_wconf 83' lang='lat' dir='ltr'><strong>femina</strong></span> <span class='ocrx_word' id='word_1_165' title='bbox 849 3521 930 3582; x_wconf 85' lang='lat' dir='ltr'><strong>nube</strong></span> <span class='ocrx_word' id='word_1_166' title='bbox 944 3529 1050 3602; x_wconf 91' lang='lat' dir='ltr'><strong>potest.</strong></span> 
     </span>
    </p>
   </div>
   <div class='ocr_carea' id='block_1_8' title="bbox 231 3623 434 3644">
    <p class='ocr_par' dir='ltr' id='par_1_14' title="bbox 231 3623 434 3644">
     <span class='ocr_line' id='line_1_33' title="bbox 231 3623 434 3644; baseline 0 -5"><span class='ocrx_word' id='word_1_167' title='bbox 231 3623 434 3644; x_wconf 64' lang='lat'><strong>·-*———-</strong></span> 
     </span>
    </p>
   </div>
   <div class='ocr_carea' id='block_1_9' title="bbox 315 3667 1306 3737">
    <p class='ocr_par' dir='ltr' id='par_1_15' title="bbox 315 3667 1306 3737">
     <span class='ocr_line' id='line_1_34' title="bbox 315 3667 1306 3737; baseline 0 -16"><span class='ocrx_word' id='word_1_168' title='bbox 315 3667 379 3721; x_wconf 90' lang='lat' dir='ltr'><strong>llllll</strong></span> <span class='ocrx_word' id='word_1_169' title='bbox 395 3672 412 3722; x_wconf 82' lang='lat' dir='ltr'><strong>l</strong></span> <span class='ocrx_word' id='word_1_170' title='bbox 430 3667 500 3721; x_wconf 82' lang='lat' dir='ltr'><strong>edire</strong></span> <span class='ocrx_word' id='word_1_171' title='bbox 518 3669 572 3721; x_wconf 93' lang='lat' dir='ltr'><strong>noli</strong></span> <span class='ocrx_word' id='word_1_172' title='bbox 590 3669 658 3736; x_wconf 78' lang='lat' dir='ltr'><strong>rapu</strong></span> <span class='ocrx_word' id='word_1_173' title='bbox 675 3669 810 3722; x_wconf 75' lang='lat' dir='ltr'><strong>Romanus</strong></span> <span class='ocrx_word' id='word_1_174' title='bbox 834 3671 881 3737; x_wconf 80' lang='lat' dir='ltr'><strong>qui</strong></span> <span class='ocrx_word' id='word_1_175' title='bbox 898 3673 982 3721; x_wconf 82' lang='lat' dir='ltr'><strong>totum</strong></span> <span class='ocrx_word' id='word_1_176' title='bbox 1005 3671 1055 3721; x_wconf 81' lang='lat' dir='ltr'><strong>boe</strong></span> <span class='ocrx_word' id='word_1_177' title='bbox 1072 3683 1179 3720; x_wconf 71' lang='lat' dir='ltr'><strong>cannen</strong></span> <span class='ocrx_word' id='word_1_178' title='bbox 1196 3670 1306 3722; x_wconf 71' lang='lat' dir='ltr'><strong>seuseu</strong></span> 
     </span>
    </p>
   </div>
   <div class='ocr_carea' id='block_1_10' title="bbox 228 3721 1384 4006">
    <p class='ocr_par' dir='ltr' id='par_1_16' title="bbox 228 3721 1384 3873">
     <span class='ocr_line' id='line_1_35' title="bbox 228 3721 1384 3808; baseline 0.004 -22"><span class='ocrx_word' id='word_1_179' title='bbox 228 3738 259 3787; x_wconf 82' lang='lat' dir='ltr'><strong>iu</strong></span> <span class='ocrx_word' id='word_1_180' title='bbox 277 3752 328 3804; x_wconf 82' lang='lat' dir='ltr'><strong>quo</strong></span> <span class='ocrx_word' id='word_1_181' title='bbox 347 3753 426 3789; x_wconf 79' lang='lat' dir='ltr'><strong>uersu</strong></span> <span class='ocrx_word' id='word_1_182' title='bbox 446 3739 477 3790; x_wconf 86' lang='lat'><strong>10</strong></span> <span class='ocrx_word' id='word_1_183' title='bbox 495 3728 584 3790; x_wconf 86' lang='lat' dir='ltr'><strong>lallille</strong></span> <span class='ocrx_word' id='word_1_184' title='bbox 601 3741 732 3804; x_wconf 72' lang='lat' dir='ltr'><strong>cereptum</strong></span> <span class='ocrx_word' id='word_1_185' title='bbox 747 3744 795 3805; x_wconf 78' lang='lat' dir='ltr'><strong>est,</strong></span> <span class='ocrx_word' id='word_1_186' title='bbox 810 3739 872 3790; x_wconf 80' lang='lat' dir='ltr'><strong>aide</strong></span> <span class='ocrx_word' id='word_1_187' title='bbox 889 3737 1082 3804; x_wconf 66' lang='lat' dir='ltr'><strong>poemerium</strong></span> <span class='ocrx_word' id='word_1_188' title='bbox 1100 3738 1304 3804; x_wconf 75' lang='lat' dir='ltr'><strong>ope’grapbieam</strong></span> <span class='ocrx_word' id='word_1_189' title='bbox 1380 3721 1384 3808; x_wconf 82' lang='lat' dir='ltr'><strong>l</strong></span> 
     </span>
     <span class='ocr_line' id='line_1_36' title="bbox 230 3804 1301 3873; baseline 0.004 -18"><span class='ocrx_word' id='word_1_190' title='bbox 230 3804 305 3872; x_wconf 88' lang='lat' dir='ltr'><strong>Wp.</strong></span> <span class='ocrx_word' id='word_1_191' title='bbox 317 3804 369 3858; x_wconf 81' lang='lat'><strong>268</strong></span> <span class='ocrx_word' id='word_1_192' title='bbox 382 3805 391 3872; x_wconf 71' lang='lat' dir='ltr'><strong>l</strong></span> <span class='ocrx_word' id='word_1_193' title='bbox 402 3804 449 3857; x_wconf 84' lang='lat' dir='ltr'><strong>xv</strong></span> <span class='ocrx_word' id='word_1_194' title='bbox 462 3809 477 3859; x_wconf 90' lang='grc'><strong>6</strong></span> <span class='ocrx_word' id='word_1_195' title='bbox 495 3806 622 3873; x_wconf 87' lang='lat' dir='ltr'><strong>precisum</strong></span> <span class='ocrx_word' id='word_1_196' title='bbox 634 3805 644 3873; x_wconf 80' lang='grc' dir='ltr'><strong>ΙΙ</strong></span> <span class='ocrx_word' id='word_1_197' title='bbox 657 3805 713 3858; x_wconf 86' lang='lat' dir='ltr'><strong>llVl</strong></span> <span class='ocrx_word' id='word_1_198' title='bbox 726 3811 741 3860; x_wconf 82' lang='lat'>2</span> <span class='ocrx_word' id='word_1_199' title='bbox 758 3805 934 3873; x_wconf 84' lang='lat' dir='ltr'><strong>Hesperidum]</strong></span> <span class='ocrx_word' id='word_1_200' title='bbox 952 3804 1111 3869; x_wconf 87' lang='lat' dir='ltr'><strong>bypomenes</strong></span> <span class='ocrx_word' id='word_1_201' title='bbox 1128 3821 1165 3856; x_wconf 71' lang='lat' dir='ltr'><strong>ae</strong></span> <span class='ocrx_word' id='word_1_202' title='bbox 1176 3821 1257 3858; x_wconf 73' lang='lat' dir='ltr'><strong>versu</strong></span> <span class='ocrx_word' id='word_1_203' title='bbox 1271 3806 1301 3872; x_wconf 83' lang='grc'><strong>11</strong></span> 
     </span>
    </p>

    <p class='ocr_par' dir='ltr' id='par_1_17' title="bbox 231 3869 1302 4006">
     <span class='ocr_line' id='line_1_37' title="bbox 231 3869 1302 3942; baseline 0.007 -21"><span class='ocrx_word' id='word_1_204' title='bbox 231 3873 244 3921; x_wconf 79' lang='lat' dir='ltr'><strong>l</strong></span> <span class='ocrx_word' id='word_1_205' title='bbox 264 3872 460 3939; x_wconf 85' lang='lat' dir='ltr'><strong>qualiacumque</strong></span> <span class='ocrx_word' id='word_1_206' title='bbox 472 3874 530 3938; x_wconf 88' lang='lat' dir='ltr'><strong>pius</strong></span> <span class='ocrx_word' id='word_1_207' title='bbox 542 3873 627 3924; x_wconf 78' lang='lat' dir='ltr'><strong>eodem</strong></span> <span class='ocrx_word' id='word_1_208' title='bbox 638 3873 839 3926; x_wconf 67' lang='lat' dir='ltr'><strong>Laurentianus</strong></span> <span class='ocrx_word' id='word_1_209' title='bbox 851 3871 943 3923; x_wconf 69' lang='lat' dir='ltr'><strong>mulus</strong></span> <span class='ocrx_word' id='word_1_210' title='bbox 953 3869 1064 3923; x_wconf 77' lang='lat' dir='ltr'><strong>melior.-</strong></span> <span class='ocrx_word' id='word_1_211' title='bbox 1081 3869 1199 3932; x_wconf 75' lang='lat' dir='ltr'><strong>fortusse</strong></span> <span class='ocrx_word' id='word_1_212' title='bbox 1217 3875 1302 3942; x_wconf 76' lang='lat' dir='ltr'><strong>qualis</strong></span> 
     </span>
     <span class='ocr_line' id='line_1_38' title="bbox 231 3938 872 4006; baseline -0.003 -16"><span class='ocrx_word' id='word_1_213' title='bbox 231 3952 332 4006; x_wconf 88' lang='lat' dir='ltr'><strong>cunque</strong></span> <span class='ocrx_word' id='word_1_214' title='bbox 350 3940 426 4004; x_wconf 85' lang='lat' dir='ltr'><strong>petis,</strong></span> <span class='ocrx_word' id='word_1_215' title='bbox 442 3940 520 4004; x_wconf 75' lang='lat' dir='ltr'><strong>prius</strong></span> <span class='ocrx_word' id='word_1_216' title='bbox 537 3938 673 3990; x_wconf 78' lang='lat' dir='ltr'><strong>edideram</strong></span> <span class='ocrx_word' id='word_1_217' title='bbox 689 3955 758 3992; x_wconf 84' lang='lat' dir='ltr'><strong>nune</strong></span> <span class='ocrx_word' id='word_1_218' title='bbox 775 3952 872 4005; x_wconf 82' lang='lat' dir='ltr'><strong>pauper</strong></span> 
     </span>
    </p>
   </div>
   <div class='ocr_carea' id='block_1_11' title="bbox 0 0 1398 4480">
    <p class='ocr_par' dir='ltr' id='par_1_18' title="bbox 0 0 1398 4480">
     <span class='ocr_line' id='line_1_39' title="bbox 0 0 1398 4480; baseline 0 0"><span class='ocrx_word' id='word_1_219' title='bbox 0 0 1398 4480; x_wconf 95' lang='lat' dir='ltr'><strong> </strong></span> 
     </span>
    </p>
   </div>
   <div class='ocr_carea' id='block_1_12' title="bbox 385 4172 1053 4448">
    <p class='ocr_par' dir='ltr' id='par_1_19' title="bbox 385 4172 1053 4448">
     <span class='ocr_line' id='line_1_40' title="bbox 385 4172 1053 4448; baseline 0.001 -1"><span class='ocrx_word' id='word_1_220' title='bbox 385 4172 1053 4448; x_wconf 48' lang='lat' dir='ltr'><strong>Mn</strong></span> 
     </span>
    </p>
   </div>
  </div>
 </body>
</html>
