2772 4476
215 192 257 257 36
676 195 829 252 Partaohn

210 371 273 432 bus
287 389 342 451 per
355 371 511 433 ridiculum
526 370 635 449 aliquid
647 370 831 450 catastropha
842 379 1044 448 quaereretur.
1073 371 1221 433 necenim
1236 372 1290 433 ad·
1309 377 1338 426 H

216 457 275 517 huc
297 456 443 519 exciderat
465 456 633 529 camsilis,
655 455 705 534 qui
727 454 838 517 oblitus
858 456 957 516 fuerat.
974 471 1100 535 porcum
1114 456 1292 519 exinterara.

149 539 157 590 l
217 541 315 621 ltaque
336 550 432 604 tatum
454 539 683 620 circumspicere
703 539 864 601 triclinium
886 540 987 620 coepi,
1011 558 1049 601 ne
1071 557 1126 621 per
1147 543 1292 622 parietem

216 635 397 690 automatum
413 626 530 706 aliquod
543 626 644 700 exiret,
660 625 762 704 utique
773 634 930 706 postquam
942 643 1045 687 serurm
1055 626 1207 689 verberari
1219 645 1289 691 coe-

217 708 277 791 pit,
291 713 344 792 qui
360 711 513 776 brachium
535 711 646 772 domini
667 718 826 772 contusum
847 709 913 770 alba
934 710 1137 790 potiusquam
1157 714 1290 795 conchy-
1312 719 1327 770 t

214 796 286 858 liuta
300 797 463 860 involverat
477 797 552 858 lana.
582 815 638 858 nac
649 793 900 875 tongeaherravit
911 794 1040 875 suspicio
1056 813 1136 872 mea3
1149 799 1181 859 in
1198 796 1294 860 ricem

216 882 298 943 onim
315 901 433 963 ‘poenae
453 882 534 943 reuit
552 883 706 943 claretum
721 879 961 956 Trimalchionis,
983 899 1044 960 quo
1065 899 1192 960 puerum
1207 885 1294 947 iussit

217 966 344 1029 liberum
359 983 439 1042 esse,
462 987 501 1029 ne
517 967 583 1047 quis
597 974 698 1048 posset
710 965 827 1041 dicere,
849 973 965 1026 mutam
985 966 1080 1027 vuum
1097 985 1161 1030 asse
1175 986 1190 1030 a
1205 987 1293 1032 servu

209 1053 413 1114 subaratum.

158 1143 199 1204 55
298 1135 304 1218 1
324 1135 552 1218 comprobamus
568 1155 623 1198 nos
637 1131 769 1217 fuerumt
790 1143 820 1197 et
841 1153 930 1214 quam
947 1137 983 1196 iu
999 1136 1154 1216 praecipiti
1168 1157 1217 1201 res
1229 1141 1288 1202 bu·
1306 1147 1375 1204 totll

217 1237 322 1284 manac
333 1231 442 1298 essent,
463 1226 467 1296 Ι
485 1222 566 1283 taric
577 1239 715 1296 sermone
729 1220 884 1300 garrimus.
904 1218 909 1303 l
930 1219 988 1282 ‘ita'
1004 1221 1101 1302 iuquit
1112 1222 1292 1287 Trimalchio
1310 1229 1375 1300 llhot

214 1312 290 1369 ·‘n0n
314 1316 431 1389 oportet
452 1309 533 1370 hunc
554 1324 655 1369 casum
677 1307 742 1368 sine
764 1305 958 1386 inscriptione
980 1306 1117 1370 transire’
1132 1310 1292 1390 metiumque

215 1391 371 1456 codicillos
385 1393 523 1474 poposcit
535 1401 567 1453 et
582 1411 642 1454 non
658 1392 709 1452 diu
718 1391 902 1471 cogitatione
918 1391 1040 1454 distorta
1055 1393 1127 1454 haec
1142 1395 1292 1458 recitarit:

363 1478 369 1558 Ι
389 1479 478 1558 ‘quod
494 1485 719 1556 nuncupemus,
734 1495 770 1537 ex
784 1485 953 1538 transverso
967 1477 1061 1538 litu-
1072 1521 1093 1531 -
1192 1488 1207 1510 “
1308 1488 1351 1540 HL

422 1605 444 1617 -
457 1572 486 1625 et
500 1579 590 1642 snpra
605 1581 661 1624 nos
673 1562 807 1622 Tarauna
822 1561 941 1640 negotia
956 1571 1050 1623 curat.
1312 1577 1338 1628 ta

421 1647 428 1730 Ι
448 1665 540 1728 quare
551 1650 590 1710 (la
605 1647 692 1709 nabis
704 1645 771 1707 vina
787 1647 920 1722 Falerna,
934 1646 1030 1727 puer?
1312 1660 1337 1709 H

302 1734 340 1795 ab
354 1735 412 1795 hcc
422 1734 635 1814 epigrammate
655 1734 660 1808 1
680 1731 778 1812 coepit
792 1740 946 1811 poetarum
961 1751 1028 1794 esse
1041 1735 1154 1796 mentio
1274 1751 1278 1756 ·
1307 1741 1365 1794 riht

218 1819 328 1900 diuque
348 1835 464 1881 summa
485 1819 625 1880 carminis
646 1835 741 1897 penes
754 1816 892 1896 blopsunt
907 1816 1053 1879 Thracem
1065 1830 1230 1882 memorata
1245 1830 1292 1886 est

211 1903 315 1964 donec
330 1903 508 1964 Trimalchio
524 1901 616 1982 ‘rogo’
631 1901 729 1980 inquit
744 1902 905 1980 magister,
929 1902 1000 1980 quid
1013 1911 1100 1981 putas
1115 1904 1193 1967 inter
1208 1906 1293 1970 Cice-

219 2006 323 2049 ronem
345 1997 376 2050 ct
398 1987 557 2049 Publilium
579 1984 745 2048 interesse?
775 2004 836 2064 ego
858 1987 983 2048 alterumn
1012 1997 1086 2068 puto
1108 1990 1295 2054 disertiorem
1315 2001 1341 2052 at

214 2072 326 2147 luisse,
348 2073 474 2135 altarum
492 2071 702 2134 honestiorem.
732 2071 802 2151 quid
818 2071 898 2132 enim
920 2071 966 2134 bis
981 2073 1085 2136 melius
1099 2075 1157 2136 dici
1172 2075 1294 2156 potest?

401 2158 553 2219 “luxuriae
567 2157 644 2218 rictu
659 2157 760 2218 Martis
774 2165 909 2218 marcent
922 2158 1049 2220 muenia.

227 2321 230 2326 Ι
421 2252 475 2305 tuo
491 2243 588 2324 palato
603 2243 720 2304 claustrs
731 2260 807 2324 paro
819 2242 955 2322 pasoitur

347 2407 350 2412 Ι
423 2329 555 2410 plumato
570 2329 694 2391 amictus
708 2345 798 2390 aureo
814 2327 1004 2408 babylonico,

424 2415 530 2496 gallina
545 2414 599 2476 tibi
614 2414 776 2488 Numidica,
791 2413 846 2474 tibi
860 2413 954 2492 gallus
967 2415 1075 2495 spatl0;

424 2500 538 2562 ciconia
553 2500 649 2573 enam,
665 2507 747 2579 grata
760 2497 917 2580 peregrina
932 2498 1048 2580 hospita

422 2584 633 2664 pietaticultrix
644 2584 800 2663 gracilipes
811 2582 985 2644 crotalistria

423 2669 483 2730 aris
498 2669 567 2730 exul
585 2668 698 2743 hiemis,
712 2667 921 2748 titutusaeptdi
936 2668 1089 2750 temporis,

425 2753 573 2833 nequitiae
589 2753 691 2815 nidum
706 2754 737 2815 in
753 2751 878 2814 caccabo
895 2753 964 2814 lecit
977 2753 1076 2816 modo.

425 2857 484 2918 qno
499 2838 655 2916 margarita
665 2855 734 2900 cara
744 2838 806 2912 tibi,
821 2838 922 2900 bacam
935 2837 1089 2902 iudicanti
1316 2851 1342 2901 to

424 2941 462 2985 an
478 2931 512 2985 ut
525 2932 660 2985 matrona
674 2933 779 2986 ornata
793 2923 921 3005 phaleris
934 2924 1057 3006 pelagiis

424 3009 508 3070 tollat
521 3010 612 3091 pedes
627 3009 771 3072 indomita
782 3009 812 3072 in
826 3015 916 3071 strato
929 3009 1091 3072 emraocc‘l

344 3131 348 3138 -
423 3094 656 3174 smaragdamud
669 3113 758 3174 quam
770 3113 833 3157 rem
843 3094 975 3172 viridem,
985 3095 1148 3175 pretiosum
1162 3094 1294 3158 vitrum?
1370 3097 1371 3102 ’

423 3197 484 3260 quo
498 3179 718 3260 Carchedonios
733 3188 817 3260 optas
838 3180 923 3259 ignes
936 3179 1090 3260 lapideos?

425 3265 863 3345 nisiutscintilletprobitase
879 3264 1078 3328 carbunculis.
1315 3276 1341 3324 aa

308 3416 320 3468 l
340 3413 453 3480 periculo
471 3415 568 3484 aliquid
579 3414 617 3482 ii⁷
636 3415 704 3468 enim
722 3413 840 3535 cercelles
858 3429 933 3469 servo
951 3415 1109 3484 liberatnml
1129 3418 1159 3469 ll)
1177 3429 1294 3483 compro·
1369 3405 1370 3422 ¹

210 3469 311 3538 thamus
328 3480 423 3534 lactum
436 3483 559 3551 ramoque
576 3487 696 3549 languent
707 3483 761 3536 Lo,
823 3485 908 3535 tronti
920 3486 1008 3536 cratae
1022 3486 1134 3536 habebut
1147 3486 1228 3535 etiam
1242 3485 1295 3536 talc

221 3554 248 3604 e't
265 3547 389 3604 recordati
408 3555 457 3602 aut
473 3554 500 3602 et
517 3566 574 3604 cnm
591 3551 766 3617 Agamemnon
784 3565 932 3619 expromere
948 3553 1077 3620 coepisset
1088 3553 1185 3621 quaml
1202 3554 1232 3605 ll
1250 3566 1294 3604 ex-

211 3619 310 3687 pectas
325 3617 350 3671 ‘12
365 3617 369 3687 l
384 3617 489 3688 ubique,
506 3623 593 3672 nostra
609 3620 744 3687 amphora
759 3621 884 3672 Haimatos
896 3620 906 3687 ΙΙ
921 3624 949 3674 tr
966 3624 1101 3687 poetarum
1119 3619 1206 3686 coepit
1222 3619 1270 3672 ho
1284 3619 1295 3689 ΙΙ

223 3691 254 3741 18
277 3691 432 3741 commorata
457 3688 542 3740 codam
563 3687 718 3742 Messanam.
752 3689 866 3754 dmpsit
889 3692 1049 3758 ppitcmator
1073 3693 1109 3741 dre
1130 3690 1294 3742 Petroniana

224 3755 431 3808 Triaralaba'um‘s
446 3771 567 3809 mama
583 3760 648 3822 erat,
673 3758 706 3808 da
722 3773 772 3809 cuc
789 3757 964 3826 addiditque
981 3761 1009 3807 at
1021 3760 1163 3809 memorata
1179 3759 1219 3809 est
1262 3759 1294 3811 19

211 3827 297 3892 ¹:palles
314 3823 383 3893 boll
395 3828 434 3905 'lo
448 3824 587 3906 publiumll
607 3827 639 3880 23
657 3824 792 3910 nasciturjl
809 3827 841 3906 2¹¹1
869 3825 965 3906 'iemhs
982 3823 1073 3877 cultrix
1091 3823 1167 3946 ⁸9:ss
1181 3826 1215 3878 ll)
1242 3825 1295 3878 ecit

221 3889 555 4028 balattttthtth
568 3893 808 4014 {litim
822 3893 992 4013 attath
1007 3889 1295 4016 attat-thath
