2772 4476
464 193 466 197 ’
570 174 711 267 sarman
1136 217 1178 278 53

51 393 82 444 Η
188 387 250 449 ibat
270 406 319 448 res
337 387 374 450 ad
399 406 543 450 summam
563 406 719 461 nauseam,
747 407 815 451 cum
837 389 1015 452 Trimalchio
1036 391 1178 458 ebrietate

99 473 272 553 turpissima
287 472 383 553 gravis
399 491 508 534 novum
523 491 673 548 acroama,
688 474 872 550 cornicines,
893 477 924 536 in
940 476 1101 538 triclinium
1116 481 1177 542 ius-

100 559 141 620 sit
155 556 275 632 adduci,
297 558 447 637 fultusque
462 558 655 620 cervicabbns
669 559 769 621 multis
783 561 914 622 extendit
928 581 959 622 se
973 580 1065 642 super
1078 567 1178 626 toru'm

101 652 268 705 extremum
290 650 320 704 et
341 643 453 721 ‘tingite
473 643 530 704 me’
551 644 650 724 inquit
670 649 829 706 ‘mortuum
851 665 924 708 esse.
958 647 1046 709 dicite
1068 649 1178 729 aliquid

58 739 74 788 5
101 728 194 790 belli'.
224 747 412 790 consenuere
433 729 600 791 cornicines
620 729 738 790 funebri
753 731 888 810 strepitu.
925 749 1005 794 unus
1018 734 1179 814 praecipue

61 865 69 881 .
100 833 205 875 servus
225 813 376 875 libitinarii
396 813 488 888 illius,
515 815 566 894 qui
591 815 671 876 inter
691 816 747 876 hos
768 816 994 878 honestissimus
1015 828 1095 894 erat,
1116 829 1178 881 tam

100 899 186 960 valde
201 899 340 973 intonuit,
362 909 397 960 ut
409 906 501 960 totam
517 900 682 961 concitaret
694 899 840 961 viciniam.
875 902 975 980 itaque
988 903 1103 982 vigiles,
1127 906 1178 984 qui

102 983 308 1045 custodiebant
328 984 454 1045 vicinam
474 985 644 1064 regionem,
670 985 725 1045 rati
752 985 855 1046 ardere
877 987 1103 1051 Trimalchionis
1123 991 1177 1052 do-

102 1087 202 1144 mum,
226 1069 408 1147 effregerunt
425 1070 543 1130 ianuam
564 1069 662 1131 subito
685 1078 715 1130 et
729 1088 797 1130 cum
812 1089 887 1150 aqua
902 1073 1114 1154 securibusque
1129 1084 1177 1137 tu-

46 1165 78 1214 10
104 1154 245 1216 multuari
260 1173 314 1216 suo
330 1155 396 1216 iure
411 1163 585 1234 coeperunt.
616 1174 673 1216 nos
690 1155 879 1218 occasionem
895 1160 1178 1236 opportunissimam

101 1239 184 1300 nacti
207 1239 420 1319 Agamemnoni
442 1241 528 1302 verba
554 1240 688 1302 dedimus
708 1241 875 1321 raptimque
896 1251 957 1303 um
977 1244 1066 1323 plane
1089 1264 1178 1325 quam

101 1343 140 1387 ex
156 1324 296 1386 incendio
311 1325 452 1404 fugimus.

57 1501 81 1552 L
187 1493 193 1577 1
212 1513 310 1572 neque
324 1495 372 1554 fax
387 1495 447 1554 ulla
461 1495 492 1554 in
508 1495 654 1573 praesidio
670 1503 747 1570 erat,
769 1513 844 1574 quaa
859 1497 915 1557 iter
930 1499 1060 1577 aperiret
1074 1519 1177 1562 erran·
1195 1499 1235 1561 79

99 1581 198 1654 tibus,
221 1597 277 1641 nec
291 1578 441 1640 silentium
463 1579 561 1640 noctis
586 1581 644 1640 iam
664 1580 778 1640 mediae
805 1582 995 1661 promittebat
1016 1603 1178 1646 occurren·

48 1676 78 1727 15
100 1666 175 1727 tium
198 1665 309 1726 lumen.
353 1663 511 1725 accedebat
533 1665 592 1725 buc
613 1664 740 1725 ebrietas
771 1673 799 1726 et
821 1667 1021 1747 imprudentia
1042 1669 1178 1732 locorum

101 1751 192 1813 etiam
208 1749 336 1811 interdiu
351 1748 499 1810 obfutura.
535 1750 634 1828 itaque
649 1767 717 1812 cum
732 1750 805 1811 bora
820 1769 916 1831 paene
932 1761 991 1814 tota
1005 1773 1060 1834 per
1075 1772 1179 1818 omnes

100 1855 228 1916 scrupos
242 1843 465 1915 gastrarumque
479 1834 673 1897 eminentium
685 1835 850 1915 fragmenta
865 1838 1054 1905 traxissemus
1070 1859 1178 1902 cruen-

100 1930 150 1983 tos
170 1921 277 2002 pedes,
303 1920 422 1981 undem
446 1920 575 2000 expliciti
597 1920 734 1982 acumine
755 1921 871 1984 Gitonis
892 1941 1003 1986 sumus.
1046 1926 1180 2005 prudens

101 2006 182 2069 enim
205 2000 340 2092 [pridie],
370 2023 438 2066 cnm
459 2005 525 2067 luce
553 2006 640 2067 etiam
665 2007 742 2067 clara
763 2007 882 2069 timeret
903 2027 1050 2086 errorem,
1076 2029 1178 2074 omnes

47 2102 77 2152 au
99 2092 176 2174 pilas
199 2091 411 2170 columnasque
432 2100 583 2152 notaverat
603 2101 698 2166 creta,
726 2111 802 2171 quac
825 2094 1002 2157 lineamenta
1027 2097 1179 2158 evicerunt

104 2176 311 2257 spississimam
327 2185 445 2237 noctem
465 2185 496 2237 et
509 2176 633 2238 notabili
656 2177 786 2239 caudore
800 2180 996 2242 ostenderunt
1009 2181 1178 2243 errantibus

104 2263 190 2324 viam.
226 2261 358 2341 quamvis
373 2280 434 2322 nou
450 2261 550 2324 minus
564 2263 679 2323 sudoris
693 2262 851 2324 habuimus
868 2265 954 2324 etiam
970 2274 1126 2344 postquam
1141 2267 1177 2326 ad

104 2347 253 2410 stabulum
268 2346 466 2428 pervenimus.
497 2365 573 2409 anus
594 2347 673 2408 enim
689 2347 753 2425 ipsa
767 2347 846 2407 inter
859 2348 1053 2410 deversitores
1068 2349 1179 2412 diutius

103 2433 285 2514 ingurgitata
306 2451 345 2492 ne
371 2431 471 2510 ignem
491 2431 609 2511 quidem
635 2431 785 2492 admotum
811 2432 959 2503 sensisset.
999 2441 1030 2494 et
1054 2434 1176 2496 forsitan

51 2527 79 2578 aa
103 2527 364 2599 pernoctassemus
384 2517 415 2578 in
442 2517 560 2591 limine,
588 2517 620 2578 ni
641 2515 811 2578 tabellaritm
831 2516 1057 2580 Trimalchionis
1085 2520 1178 2582 inter-

104 2605 235 2666 venisset
254 2602 280 2663 X
301 2602 442 2664 vehiculis
464 2602 552 2664 dives.
597 2621 659 2663 nou
687 2602 737 2664 diu
758 2619 829 2681 ergo
851 2603 1046 2666 tumultuatus
1071 2604 1178 2669 stabuli

103 2691 224 2752 ianuam
239 2689 355 2768 etfregit
370 2697 400 2749 et
413 2707 470 2750 nos
483 2705 539 2768 per
553 2689 677 2749 eandem
692 2686 772 2748 intro
787 2688 903 2750 admisit
983 2749 987 2756 ,

636 2795 652 2832 *

309 2857 403 2937 qualis
420 2877 480 2919 non
496 2857 552 2918 luit
565 2856 624 2932 illa,
638 2857 667 2918 di
683 2858 824 2936 deaeque,

310 2960 397 3023 quam
412 2942 509 3004 mollis
523 2951 616 3004 torus.
642 2942 790 3004 haesimus
804 2942 933 3004 edentes

52 3041 79 3092 ³0
309 3039 338 3090 et
353 3027 565 3090 transfudimus
578 3027 650 3088 hinc
664 3035 695 3087 et
707 3026 780 3088 hine
795 3025 908 3088 labellis

310 3121 444 3175 errantes
458 3113 579 3174 animas.
609 3113 711 3187 valete,
728 3130 815 3172 curae

307 3199 449 3260 mortalis.
480 3217 535 3279 ego
551 3198 593 3259 sic
608 3197 708 3277 perire
723 3196 818 3276 coepi.

102 3286 169 3349 sine
192 3299 281 3342 causa
302 3285 435 3362 gratulor
455 3283 536 3344 mibi.
581 3302 651 3344 nam
670 3301 740 3344 cum
761 3281 875 3344 solutus
896 3297 978 3341 mero
1001 3279 1178 3342 remisissem
1241 3353 1249 3368 .

104 3368 205 3432 ebrias
218 3384 340 3442 manus,
361 3368 510 3448 Ascyltos,
532 3369 630 3431 omnis
644 3367 769 3429 iniuriae
783 3367 936 3441 inventor,
953 3363 1092 3428 subduxit
1105 3365 1177 3426 mihi

55 3465 82 3516 ab
100 3461 194 3517 nocte
209 3467 335 3530 puerum
352 3453 425 3513 etin
441 3452 551 3514 lectum
563 3453 714 3516 transtulit
724 3469 820 3526 snum,
835 3451 1042 3530 volutatusque
1056 3450 1178 3512 liberius

106 3559 176 3602 cum
202 3537 293 3599 fratre
319 3554 380 3596 non
401 3555 471 3611 suo,
495 3537 555 3599 sive
581 3557 643 3600 non
671 3537 816 3600 sentiente
843 3537 982 3599 iniuriam
1008 3535 1067 3598 sive
1093 3534 1178 3596 dissi·

105 3624 253 3697 mulante,
283 3620 456 3682 indormivit
479 3621 582 3684 alienis
608 3622 790 3703 amplexibus
816 3621 924 3684 oblitus
950 3621 1022 3682 iuris
1047 3619 1177 3681 humani.

193 3777 209 3828 6
226 3773 376 3825 libertinarii
393 3771 465 3823 undo
482 3774 600 3823 coniciet
617 3772 716 3837 aliquia
733 3771 777 3838 qui
789 3773 855 3823 inter
867 3769 1038 3836 collibertosfl
1054 3772 1082 3821 ll
1101 3769 1178 3835 plane
1232 3764 1236 3774 ’

108 3848 238 3911 tamqnam
258 3841 372 3892 labaim
387 3841 398 3910 ΙΙ
417 3842 448 3893 16
470 3838 606 3906 obscurati
627 3843 655 3892 tv
683 3839 780 3905 scirpos
795 3837 805 3906 ll
826 3841 856 3892 to
880 3837 963 3905 pridie
982 3837 1179 3890 Tornaesiana:

109 3911 220 3979 pmdens
230 3910 277 3961 cad
288 3910 402 3962 delatam
413 3908 606 3975 Scala'gerccuc
622 3906 632 3976 ΙΙ
649 3910 682 3961 20
697 3913 818 3975 certaque
835 3904 845 3988 ij
864 3910 895 3960 23
915 3905 1011 3960 lautius
1023 3904 1180 3971 lacobaa'aafl

109 3983 142 4034 ab
159 3980 287 4046 temptant
303 3977 418 4032 advectis
434 3976 443 4048 ll
461 3979 492 4030 at
510 3977 587 4042 intro]
607 3981 699 4030 terram
715 3973 727 4044 Ι
745 3979 776 4030 33
795 3976 937 4030 amisissem
