<?xml version="1.0" encoding="UTF-8"?>
<!DOCTYPE html PUBLIC "-//W3C//DTD XHTML 1.0 Transitional//EN"
    "http://www.w3.org/TR/xhtml1/DTD/xhtml1-transitional.dtd">
<html xmlns="http://www.w3.org/1999/xhtml" xml:lang="en" lang="en">
 <head>
  <title>
</title>
<meta http-equiv="Content-Type" content="text/html;charset=utf-8" />
  <meta name='ocr-system' content='tesseract 3.04.00' />
  <meta name='ocr-capabilities' content='ocr_page ocr_carea ocr_par ocr_line ocrx_word'/>
</head>
<body>
  <div class='ocr_page' id='page_1' title='image "./satiraeetliberp00arbigoog_0024.png"; bbox 0 0 2772 4476; ppageno 0'>
   <div class='ocr_carea' id='block_1_1' title="bbox 573 205 1176 268">
    <p class='ocr_par' dir='ltr' id='par_1_1' title="bbox 573 205 1176 268">
     <span class='ocr_line' id='line_1_1' title="bbox 573 205 1176 268; baseline 0.01 -6"><span class='ocrx_word' id='word_1_1' title='bbox 573 205 712 262; x_wconf 76' lang='lat' dir='ltr'>sarman</span> <span class='ocrx_word' id='word_1_2' title='bbox 1136 207 1176 268; x_wconf 84' lang='lat'>17</span> 
     </span>
    </p>
   </div>
   <div class='ocr_carea' id='block_1_2' title="bbox 65 351 1251 468">
    <p class='ocr_par' dir='ltr' id='par_1_2' title="bbox 65 351 1251 468">
     <span class='ocr_line' id='line_1_2' title="bbox 65 351 1251 468; baseline 0.003 -25"><span class='ocrx_word' id='word_1_3' title='bbox 65 387 230 468; x_wconf 78' lang='lat' dir='ltr'>tpositus.</span> <span class='ocrx_word' id='word_1_4' title='bbox 251 385 323 447; x_wconf 87' lang='lat' dir='ltr'>iussi</span> <span class='ocrx_word' id='word_1_5' title='bbox 334 403 406 465; x_wconf 82' lang='lat' dir='ltr'>ergo</span> <span class='ocrx_word' id='word_1_6' title='bbox 417 385 628 459; x_wconf 82' lang='lat' dir='ltr'>discubuimus,</span> <span class='ocrx_word' id='word_1_7' title='bbox 640 394 670 446; x_wconf 90' lang='lat' dir='ltr'>et</span> <span class='ocrx_word' id='word_1_8' title='bbox 680 386 848 466; x_wconf 82' lang='lat' dir='ltr'>gustatione</span> <span class='ocrx_word' id='word_1_9' title='bbox 859 370 982 446; x_wconf 83' lang='lat' dir='ltr'>mirifica</span> <span class='ocrx_word' id='word_1_10' title='bbox 993 380 1175 447; x_wconf 75' lang='lat' dir='ltr'>initiati&#39;iino</span> <span class='ocrx_word' id='word_1_11' title='bbox 1235 351 1251 460; x_wconf 38' lang='grc' dir='ltr'>,Ἰ</span> 
     </span>
    </p>
   </div>
   <div class='ocr_carea' id='block_1_3' title="bbox 9 456 1377 3616">
    <p class='ocr_par' dir='ltr' id='par_1_3' title="bbox 9 456 1377 3616">
     <span class='ocr_line' id='line_1_3' title="bbox 105 456 1377 552; baseline -0.002 -18"><span class='ocrx_word' id='word_1_12' title='bbox 105 473 193 534; x_wconf 88' lang='lat' dir='ltr'>ctiam</span> <span class='ocrx_word' id='word_1_13' title='bbox 202 471 330 532; x_wconf 77' lang='lat' dir='ltr'>Falerno</span> <span class='ocrx_word' id='word_1_14' title='bbox 341 471 531 535; x_wconf 87' lang='lat' dir='ltr'>inundamur.</span> <span class='ocrx_word' id='word_1_15' title='bbox 553 471 670 551; x_wconf 50' lang='lat' dir='ltr'>¹excepti</span> <span class='ocrx_word' id='word_1_16' title='bbox 682 471 769 532; x_wconf 88' lang='lat' dir='ltr'>etiam</span> <span class='ocrx_word' id='word_1_17' title='bbox 780 470 918 552; x_wconf 90' lang='lat' dir='ltr'>pluribus</span> <span class='ocrx_word' id='word_1_18' title='bbox 928 470 1048 532; x_wconf 82' lang='lat' dir='ltr'>ferculis</span> <span class='ocrx_word' id='word_1_19' title='bbox 1058 488 1126 532; x_wconf 90' lang='lat' dir='ltr'>cum</span> <span class='ocrx_word' id='word_1_20' title='bbox 1134 471 1267 545; x_wconf 58' lang='lat' dir='ltr'>la-caM</span> <span class='ocrx_word' id='word_1_21' title='bbox 1324 456 1326 461; x_wconf 59' lang='grc'><strong>’</strong></span> <span class='ocrx_word' id='word_1_22' title='bbox 1376 467 1377 484; x_wconf 71' lang='grc'>’</span> 
     </span>
     <span class='ocr_line' id='line_1_4' title="bbox 106 553 1177 634; baseline 0 -16"><span class='ocrx_word' id='word_1_23' title='bbox 106 557 247 619; x_wconf 90' lang='lat' dir='ltr'>beremur</span> <span class='ocrx_word' id='word_1_24' title='bbox 261 556 292 616; x_wconf 91' lang='lat' dir='ltr'>in</span> <span class='ocrx_word' id='word_1_25' title='bbox 304 573 453 632; x_wconf 87' lang='lat' dir='ltr'>somnum,</span> <span class='ocrx_word' id='word_1_26' title='bbox 468 557 558 618; x_wconf 73' lang='lat' dir='ltr'>‘inne</span> <span class='ocrx_word' id='word_1_27' title='bbox 572 553 648 617; x_wconf 82' lang='lat' dir='ltr'>cstl’</span> <span class='ocrx_word' id='word_1_28' title='bbox 673 556 770 634; x_wconf 87' lang='lat' dir='ltr'>inquit</span> <span class='ocrx_word' id='word_1_29' title='bbox 781 555 923 626; x_wconf 75' lang='lat' dir='ltr'><strong>Quartilla</strong></span> <span class='ocrx_word' id='word_1_30' title='bbox 938 556 1037 616; x_wconf 88' lang='lat' dir='ltr'>‘etiam</span> <span class='ocrx_word' id='word_1_31' title='bbox 1047 557 1177 632; x_wconf 89' lang='lat' dir='ltr'>dormire</span> 
     </span>
     <span class='ocr_line' id='line_1_5' title="bbox 106 639 1176 721; baseline -0.001 -19"><span class='ocrx_word' id='word_1_32' title='bbox 106 642 190 704; x_wconf 86' lang='lat' dir='ltr'>vobis</span> <span class='ocrx_word' id='word_1_33' title='bbox 204 643 235 702; x_wconf 89' lang='lat' dir='ltr'>in</span> <span class='ocrx_word' id='word_1_34' title='bbox 251 651 352 702; x_wconf 87' lang='lat' dir='ltr'>mente</span> <span class='ocrx_word' id='word_1_35' title='bbox 368 649 421 716; x_wconf 74' lang='lat' dir='ltr'>est</span> <span class='ocrx_word' id='word_1_36' title='bbox 437 659 505 703; x_wconf 88' lang='lat' dir='ltr'>curn</span> <span class='ocrx_word' id='word_1_37' title='bbox 519 641 618 704; x_wconf 89' lang='lat' dir='ltr'>sciatis</span> <span class='ocrx_word' id='word_1_38' title='bbox 630 641 728 721; x_wconf 80' lang='lat' dir='ltr'><strong>Priapi</strong></span> <span class='ocrx_word' id='word_1_39' title='bbox 742 641 831 720; x_wconf 83' lang='lat' dir='ltr'>genio</span> <span class='ocrx_word' id='word_1_40' title='bbox 842 640 1027 720; x_wconf 81' lang='lat' dir='ltr'>pervigilium</span> <span class='ocrx_word' id='word_1_41' title='bbox 1042 639 1176 703; x_wconf 82' lang='lat' dir='ltr'>deberil&#39;</span> 
     </span>
     <span class='ocr_line' id='line_1_6' title="bbox 601 741 651 786; baseline 0 0"><span class='ocrx_word' id='word_1_42' title='bbox 601 741 606 753; x_wconf 76' lang='lat'><strong><em>¹</em></strong></span> <span class='ocrx_word' id='word_1_43' title='bbox 635 747 651 786; x_wconf 69' lang='lat' dir='ltr'>a</span> 
     </span>
     <span class='ocr_line' id='line_1_7' title="bbox 68 810 1235 892; baseline 0 -20"><span class='ocrx_word' id='word_1_44' title='bbox 68 823 83 872; x_wconf 82' lang='lat'><strong>5</strong></span> <span class='ocrx_word' id='word_1_45' title='bbox 189 829 258 873; x_wconf 89' lang='lat' dir='ltr'>cum</span> <span class='ocrx_word' id='word_1_46' title='bbox 274 811 407 892; x_wconf 74' lang='lat' dir='ltr'><strong>Ascyltos</strong></span> <span class='ocrx_word' id='word_1_47' title='bbox 426 811 624 890; x_wconf 79' lang='lat' dir='ltr'>gravatus&#39;tct</span> <span class='ocrx_word' id='word_1_48' title='bbox 636 811 721 872; x_wconf 87' lang='lat' dir='ltr'>malis</span> <span class='ocrx_word' id='word_1_49' title='bbox 733 812 765 890; x_wconf 85' lang='lat' dir='ltr'>in</span> <span class='ocrx_word' id='word_1_50' title='bbox 787 829 925 872; x_wconf 87' lang='lat' dir='ltr'>somnum</span> <span class='ocrx_word' id='word_1_51' title='bbox 939 811 1105 885; x_wconf 85' lang='lat' dir='ltr'>laboretur,</span> <span class='ocrx_word' id='word_1_52' title='bbox 1126 810 1177 878; x_wconf 83' lang='lat' dir='ltr'>illa</span> <span class='ocrx_word' id='word_1_53' title='bbox 1195 810 1235 872; x_wconf 79' lang='lat'>22</span> 
     </span>
     <span class='ocr_line' id='line_1_8' title="bbox 107 884 1270 977; baseline 0.003 -20"><span class='ocrx_word' id='word_1_54' title='bbox 107 914 184 976; x_wconf 89' lang='lat' dir='ltr'>quaa</span> <span class='ocrx_word' id='word_1_55' title='bbox 195 896 303 957; x_wconf 91' lang='lat' dir='ltr'>iniuria</span> <span class='ocrx_word' id='word_1_56' title='bbox 310 895 434 977; x_wconf 72' lang='lat' dir='ltr'>,depulsa</span> <span class='ocrx_word' id='word_1_57' title='bbox 446 884 653 977; x_wconf 78' lang='lat' dir='ltr'>lueradancilla</span> <span class='ocrx_word' id='word_1_58' title='bbox 663 905 756 958; x_wconf 87' lang='lat' dir='ltr'>totam</span> <span class='ocrx_word' id='word_1_59' title='bbox 765 896 869 957; x_wconf 83' lang='lat' dir='ltr'>taciem</span> <span class='ocrx_word' id='word_1_60' title='bbox 878 897 942 958; x_wconf 90' lang='lat' dir='ltr'>eius</span> <span class='ocrx_word' id='word_1_61' title='bbox 953 896 1076 975; x_wconf 80' lang='lat' dir='ltr'>iuligine</span> <span class='ocrx_word' id='word_1_62' title='bbox 1088 898 1177 977; x_wconf 86' lang='lat' dir='ltr'>longa</span> <span class='ocrx_word' id='word_1_63' title='bbox 1190 914 1270 964; x_wconf 52' lang='lat' dir='ltr'>aete</span> 
     </span>
     <span class='ocr_line' id='line_1_9' title="bbox 9 973 1246 1062; baseline 0.002 -21"><span class='ocrx_word' id='word_1_64' title='bbox 9 1001 10 1004; x_wconf 45' lang='lat'>¹</span> <span class='ocrx_word' id='word_1_65' title='bbox 106 981 261 1062; x_wconf 73' lang='lat' dir='ltr'><strong>perfricuit</strong></span> <span class='ocrx_word' id='word_1_66' title='bbox 276 973 381 1042; x_wconf 78' lang='lat' dir='ltr'>otiien</span> <span class='ocrx_word' id='word_1_67' title='bbox 398 977 651 1044; x_wconf 67' lang='lat' dir='ltr'>sentientis‘labra</span> <span class='ocrx_word' id='word_1_68' title='bbox 665 999 844 1060; x_wconf 88' lang='lat' dir='ltr'>umerosque</span> <span class='ocrx_word' id='word_1_69' title='bbox 858 981 1057 1062; x_wconf 80' lang='lat' dir='ltr'>sopitionibus</span> <span class='ocrx_word' id='word_1_70' title='bbox 1071 983 1176 1062; x_wconf 83' lang='lat' dir='ltr'>pinxit.</span> <span class='ocrx_word' id='word_1_71' title='bbox 1186 998 1246 1045; x_wconf 58' lang='lat' dir='ltr'>&gt;aaa</span> 
     </span>
     <span class='ocr_line' id='line_1_10' title="bbox 107 1059 1286 1150; baseline -0.005 -23"><span class='ocrx_word' id='word_1_72' title='bbox 107 1068 229 1146; x_wconf 83' lang='lat' dir='ltr'>iamego</span> <span class='ocrx_word' id='word_1_73' title='bbox 238 1067 326 1128; x_wconf 88' lang='lat' dir='ltr'>etiam</span> <span class='ocrx_word' id='word_1_74' title='bbox 337 1077 382 1128; x_wconf 89' lang='lat' dir='ltr'>tot</span> <span class='ocrx_word' id='word_1_75' title='bbox 392 1067 476 1129; x_wconf 89' lang='lat' dir='ltr'>malis</span> <span class='ocrx_word' id='word_1_76' title='bbox 487 1059 883 1146; x_wconf 73' lang='lat' dir='ltr'>fatigatusnrinimum‘veluti</span> <span class='ocrx_word' id='word_1_77' title='bbox 895 1068 1178 1146; x_wconf 80' lang='lat' dir='ltr'>gustumbauseram</span> <span class='ocrx_word' id='word_1_78' title='bbox 1191 1091 1248 1150; x_wconf 46' lang='lat' dir='ltr'>aar„</span> <span class='ocrx_word' id='word_1_79' title='bbox 1283 1133 1286 1138; x_wconf 27' lang='grc' dir='ltr'>Ι</span> 
     </span>
     <span class='ocr_line' id='line_1_11' title="bbox 106 1151 1179 1232; baseline 0.001 -19"><span class='ocrx_word' id='word_1_80' title='bbox 106 1153 218 1228; x_wconf 88' lang='lat' dir='ltr'>somni;</span> <span class='ocrx_word' id='word_1_81' title='bbox 234 1151 312 1213; x_wconf 89' lang='lat' dir='ltr'>idem</span> <span class='ocrx_word' id='word_1_82' title='bbox 330 1160 433 1213; x_wconf 88' lang='lat' dir='ltr'>ettota</span> <span class='ocrx_word' id='word_1_83' title='bbox 450 1153 527 1213; x_wconf 88' lang='lat' dir='ltr'>intra</span> <span class='ocrx_word' id='word_1_84' title='bbox 538 1153 671 1232; x_wconf 84' lang='lat' dir='ltr'>lorisque</span> <span class='ocrx_word' id='word_1_85' title='bbox 682 1152 790 1213; x_wconf 81' lang='lat' dir='ltr'>familia</span> <span class='ocrx_word' id='word_1_86' title='bbox 801 1153 921 1227; x_wconf 87' lang='lat' dir='ltr'>lecerat,</span> <span class='ocrx_word' id='word_1_87' title='bbox 936 1160 1025 1230; x_wconf 91' lang='lat' dir='ltr'>atque</span> <span class='ocrx_word' id='word_1_88' title='bbox 1037 1153 1086 1213; x_wconf 89' lang='lat' dir='ltr'>alii</span> <span class='ocrx_word' id='word_1_89' title='bbox 1100 1154 1179 1214; x_wconf 91' lang='lat' dir='ltr'>circa</span> 
     </span>
     <span class='ocr_line' id='line_1_12' title="bbox 55 1236 1178 1318; baseline 0.002 -21"><span class='ocrx_word' id='word_1_90' title='bbox 55 1247 85 1297; x_wconf 87' lang='lat'>10</span> <span class='ocrx_word' id='word_1_91' title='bbox 106 1238 196 1317; x_wconf 89' lang='lat' dir='ltr'>pedes</span> <span class='ocrx_word' id='word_1_92' title='bbox 209 1236 466 1301; x_wconf 37' lang='lat' dir='ltr'>*discumbentium</span> <span class='ocrx_word' id='word_1_93' title='bbox 487 1239 581 1317; x_wconf 88' lang='lat' dir='ltr'>sparsi</span> <span class='ocrx_word' id='word_1_94' title='bbox 606 1237 758 1312; x_wconf 83' lang='lat' dir='ltr'>iacebant,</span> <span class='ocrx_word' id='word_1_95' title='bbox 784 1237 832 1298; x_wconf 91' lang='lat' dir='ltr'>alii</span> <span class='ocrx_word' id='word_1_96' title='bbox 853 1237 1017 1317; x_wconf 91' lang='lat' dir='ltr'>parietibus</span> <span class='ocrx_word' id='word_1_97' title='bbox 1038 1238 1178 1318; x_wconf 82' lang='lat' dir='ltr'>appliciti,</span> 
     </span>
     <span class='ocr_line' id='line_1_13' title="bbox 107 1321 1178 1403; baseline 0.001 -21"><span class='ocrx_word' id='word_1_98' title='bbox 107 1321 226 1401; x_wconf 89' lang='lat' dir='ltr'>quidam</span> <span class='ocrx_word' id='word_1_99' title='bbox 241 1322 271 1383; x_wconf 89' lang='lat' dir='ltr'>in</span> <span class='ocrx_word' id='word_1_100' title='bbox 287 1322 352 1402; x_wconf 91' lang='lat' dir='ltr'>ipso</span> <span class='ocrx_word' id='word_1_101' title='bbox 373 1323 475 1384; x_wconf 89' lang='lat' dir='ltr'>limine</span> <span class='ocrx_word' id='word_1_102' title='bbox 490 1324 659 1385; x_wconf 88' lang='lat' dir='ltr'>coniunctis</span> <span class='ocrx_word' id='word_1_103' title='bbox 681 1322 1017 1403; x_wconf 89' lang='lat' dir='ltr'>manebant·capitibus;</span> <span class='ocrx_word' id='word_1_104' title='bbox 1038 1323 1178 1385; x_wconf 92' lang='lat' dir='ltr'>lucernae</span> 
     </span>
     <span class='ocr_line' id='line_1_14' title="bbox 107 1406 1179 1488; baseline -0.001 -19"><span class='ocrx_word' id='word_1_105' title='bbox 107 1425 227 1486; x_wconf 89' lang='lat' dir='ltr'>quoque</span> <span class='ocrx_word' id='word_1_106' title='bbox 242 1425 346 1468; x_wconf 89' lang='lat' dir='ltr'>umore</span> <span class='ocrx_word' id='word_1_107' title='bbox 368 1407 500 1469; x_wconf 85' lang='lat' dir='ltr'>deiectae</span> <span class='ocrx_word' id='word_1_108' title='bbox 519 1418 610 1470; x_wconf 87' lang='lat' dir='ltr'>tenue</span> <span class='ocrx_word' id='word_1_109' title='bbox 625 1418 654 1470; x_wconf 91' lang='lat' dir='ltr'>et</span> <span class='ocrx_word' id='word_1_110' title='bbox 676 1417 839 1474; x_wconf 85' lang='lat' dir='ltr'>extremum</span> <span class='ocrx_word' id='word_1_111' title='bbox 860 1406 961 1469; x_wconf 90' lang='lat' dir='ltr'>lumen</span> <span class='ocrx_word' id='word_1_112' title='bbox 983 1407 1179 1488; x_wconf 81' lang='lat' dir='ltr'><strong>spargebant:</strong></span> 
     </span>
     <span class='ocr_line' id='line_1_15' title="bbox 107 1482 1241 1576; baseline -0.001 -22"><span class='ocrx_word' id='word_1_113' title='bbox 107 1511 176 1554; x_wconf 91' lang='lat' dir='ltr'>cum</span> <span class='ocrx_word' id='word_1_114' title='bbox 191 1493 250 1552; x_wconf 94' lang='lat' dir='ltr'>duo</span> <span class='ocrx_word' id='word_1_115' title='bbox 263 1492 330 1572; x_wconf 75' lang='lat' dir='ltr'>Syri</span> <span class='ocrx_word' id='word_1_116' title='bbox 345 1487 501 1572; x_wconf 77' lang='lat' dir='ltr'>expilaturi</span> <span class='ocrx_word' id='word_1_117' title='bbox 515 1491 691 1576; x_wconf 75' lang='lat' dir='ltr'>[lagoenam]</span> <span class='ocrx_word' id='word_1_118' title='bbox 707 1493 868 1570; x_wconf 90' lang='lat' dir='ltr'>triclinium</span> <span class='ocrx_word' id='word_1_119' title='bbox 882 1494 1077 1568; x_wconf 88' lang='lat' dir='ltr'>intraverunt,</span> <span class='ocrx_word' id='word_1_120' title='bbox 1093 1482 1241 1554; x_wconf 59' lang='lat' dir='ltr'>dum-cel</span> 
     </span>
     <span class='ocr_line' id='line_1_16' title="bbox 107 1577 1251 1670; baseline 0 -32"><span class='ocrx_word' id='word_1_121' title='bbox 107 1595 166 1658; x_wconf 84' lang='lat' dir='ltr'>que</span> <span class='ocrx_word' id='word_1_122' title='bbox 180 1578 260 1638; x_wconf 89' lang='lat' dir='ltr'>inter</span> <span class='ocrx_word' id='word_1_123' title='bbox 273 1588 430 1657; x_wconf 83' lang='lat' dir='ltr'>argentum</span> <span class='ocrx_word' id='word_1_124' title='bbox 450 1579 560 1640; x_wconf 83' lang='lat' dir='ltr'>avidius</span> <span class='ocrx_word' id='word_1_125' title='bbox 574 1580 722 1651; x_wconf 83' lang='lat' dir='ltr'>rixantur,</span> <span class='ocrx_word' id='word_1_126' title='bbox 746 1578 894 1639; x_wconf 89' lang='lat' dir='ltr'>diductam</span> <span class='ocrx_word' id='word_1_127' title='bbox 909 1578 1065 1655; x_wconf 80' lang='lat' dir='ltr'>fregerunt</span> <span class='ocrx_word' id='word_1_128' title='bbox 1078 1579 1178 1658; x_wconf 82' lang='lat' dir='ltr'>lagoe·</span> <span class='ocrx_word' id='word_1_129' title='bbox 1190 1597 1235 1670; x_wconf 62' lang='lat' dir='ltr'>pc</span> <span class='ocrx_word' id='word_1_130' title='bbox 1250 1577 1251 1584; x_wconf 74' lang='grc'>’</span> 
     </span>
     <span class='ocr_line' id='line_1_17' title="bbox 57 1662 1179 1742; baseline -0.002 -18"><span class='ocrx_word' id='word_1_131' title='bbox 57 1674 85 1724; x_wconf 79' lang='lat' dir='ltr'>tc</span> <span class='ocrx_word' id='word_1_132' title='bbox 106 1679 185 1724; x_wconf 89' lang='lat' dir='ltr'>narn.</span> <span class='ocrx_word' id='word_1_133' title='bbox 213 1663 317 1723; x_wconf 90' lang='lat' dir='ltr'>cecidit</span> <span class='ocrx_word' id='word_1_134' title='bbox 331 1663 419 1724; x_wconf 89' lang='lat' dir='ltr'>etiam</span> <span class='ocrx_word' id='word_1_135' title='bbox 435 1681 536 1724; x_wconf 91' lang='lat' dir='ltr'>mensa</span> <span class='ocrx_word' id='word_1_136' title='bbox 552 1681 620 1725; x_wconf 90' lang='lat' dir='ltr'>cum</span> <span class='ocrx_word' id='word_1_137' title='bbox 636 1671 775 1742; x_wconf 84' lang='lat' dir='ltr'>argento,</span> <span class='ocrx_word' id='word_1_138' title='bbox 792 1671 822 1722; x_wconf 91' lang='lat' dir='ltr'>et</span> <span class='ocrx_word' id='word_1_139' title='bbox 836 1662 959 1724; x_wconf 90' lang='lat' dir='ltr'>ancillae</span> <span class='ocrx_word' id='word_1_140' title='bbox 974 1678 1066 1742; x_wconf 87' lang='lat' dir='ltr'>super</span> <span class='ocrx_word' id='word_1_141' title='bbox 1079 1671 1179 1723; x_wconf 89' lang='lat' dir='ltr'>torum</span> 
     </span>
     <span class='ocr_line' id='line_1_18' title="bbox 107 1747 1305 1828; baseline -0.002 -19"><span class='ocrx_word' id='word_1_142' title='bbox 107 1747 268 1809; x_wconf 86' lang='lat' dir='ltr'>marcentis</span> <span class='ocrx_word' id='word_1_143' title='bbox 282 1765 439 1810; x_wconf 87' lang='lat' dir='ltr'>excussum</span> <span class='ocrx_word' id='word_1_144' title='bbox 454 1750 530 1810; x_wconf 83' lang='lat' dir='ltr'>torte</span> <span class='ocrx_word' id='word_1_145' title='bbox 546 1749 631 1810; x_wconf 87' lang='lat' dir='ltr'>altius</span> <span class='ocrx_word' id='word_1_146' title='bbox 646 1749 787 1828; x_wconf 89' lang='lat' dir='ltr'>poculum</span> <span class='ocrx_word' id='word_1_147' title='bbox 801 1756 892 1827; x_wconf 90' lang='lat' dir='ltr'>caput</span> <span class='ocrx_word' id='word_1_148' title='bbox 904 1747 1009 1827; x_wconf 83' lang='lat' dir='ltr'>tetigit.</span> <span class='ocrx_word' id='word_1_149' title='bbox 1039 1748 1075 1808; x_wconf 92' lang='lat' dir='ltr'>ad</span> <span class='ocrx_word' id='word_1_150' title='bbox 1090 1765 1179 1828; x_wconf 91' lang='lat' dir='ltr'>quem</span> <span class='ocrx_word' id='word_1_151' title='bbox 1194 1755 1305 1820; x_wconf 52' lang='lat' dir='ltr'>lacoon</span> 
     </span>
     <span class='ocr_line' id='line_1_19' title="bbox 106 1821 1304 1914; baseline -0.001 -20"><span class='ocrx_word' id='word_1_152' title='bbox 106 1834 199 1894; x_wconf 89' lang='lat' dir='ltr'>ictum</span> <span class='ocrx_word' id='word_1_153' title='bbox 211 1832 381 1894; x_wconf 85' lang='lat' dir='ltr'>exclamavit</span> <span class='ocrx_word' id='word_1_154' title='bbox 390 1834 618 1914; x_wconf 86' lang='lat' dir='ltr'>illapariterque</span> <span class='ocrx_word' id='word_1_155' title='bbox 630 1843 659 1894; x_wconf 91' lang='lat' dir='ltr'>et</span> <span class='ocrx_word' id='word_1_156' title='bbox 673 1835 754 1895; x_wconf 83' lang='lat' dir='ltr'>iures</span> <span class='ocrx_word' id='word_1_157' title='bbox 765 1832 894 1912; x_wconf 87' lang='lat' dir='ltr'>prodidit</span> <span class='ocrx_word' id='word_1_158' title='bbox 908 1841 938 1894; x_wconf 91' lang='lat' dir='ltr'>et</span> <span class='ocrx_word' id='word_1_159' title='bbox 951 1840 1068 1912; x_wconf 92' lang='lat' dir='ltr'>partem</span> <span class='ocrx_word' id='word_1_160' title='bbox 1079 1833 1179 1894; x_wconf 90' lang='lat' dir='ltr'>ebrio·</span> <span class='ocrx_word' id='word_1_161' title='bbox 1283 1821 1304 1846; x_wconf 67' lang='lat'>&#39;²</span> 
     </span>
     <span class='ocr_line' id='line_1_20' title="bbox 107 1917 1228 2000; baseline -0.001 -21"><span class='ocrx_word' id='word_1_162' title='bbox 107 1937 173 1980; x_wconf 92' lang='lat' dir='ltr'>rum</span> <span class='ocrx_word' id='word_1_163' title='bbox 189 1918 332 1980; x_wconf 82' lang='lat' dir='ltr'>excitavit</span> <span class='ocrx_word' id='word_1_164' title='bbox 363 1919 429 2000; x_wconf 73' lang='lat' dir='ltr'>Syri</span> <span class='ocrx_word' id='word_1_165' title='bbox 449 1917 491 1980; x_wconf 92' lang='lat' dir='ltr'>illi</span> <span class='ocrx_word' id='word_1_166' title='bbox 506 1920 557 1998; x_wconf 89' lang='lat' dir='ltr'>qui</span> <span class='ocrx_word' id='word_1_167' title='bbox 573 1928 716 1980; x_wconf 86' lang='lat' dir='ltr'>venerant</span> <span class='ocrx_word' id='word_1_168' title='bbox 730 1919 764 1978; x_wconf 91' lang='lat' dir='ltr'>ad</span> <span class='ocrx_word' id='word_1_169' title='bbox 779 1918 935 1997; x_wconf 86' lang='lat' dir='ltr'>praedam,</span> <span class='ocrx_word' id='word_1_170' title='bbox 956 1926 1112 1998; x_wconf 81' lang='lat' dir='ltr'>postquam</span> <span class='ocrx_word' id='word_1_171' title='bbox 1127 1918 1180 1978; x_wconf 92' lang='lat' dir='ltr'>de·</span> <span class='ocrx_word' id='word_1_172' title='bbox 1223 1941 1228 1948; x_wconf 96' lang='lat'>·</span> 
     </span>
     <span class='ocr_line' id='line_1_21' title="bbox 108 2003 1179 2085; baseline -0.002 -21"><span class='ocrx_word' id='word_1_173' title='bbox 108 2003 274 2083; x_wconf 89' lang='lat' dir='ltr'>prehensos</span> <span class='ocrx_word' id='word_1_174' title='bbox 283 2023 316 2065; x_wconf 89' lang='lat' dir='ltr'>se</span> <span class='ocrx_word' id='word_1_175' title='bbox 328 2004 546 2078; x_wconf 85' lang='lat' dir='ltr'>intellexerunt,</span> <span class='ocrx_word' id='word_1_176' title='bbox 558 2005 670 2085; x_wconf 90' lang='lat' dir='ltr'>pariter</span> <span class='ocrx_word' id='word_1_177' title='bbox 681 2004 846 2066; x_wconf 90' lang='lat' dir='ltr'>secundum</span> <span class='ocrx_word' id='word_1_178' title='bbox 856 2003 1179 2075; x_wconf 79' lang='lat' dir='ltr'>lectumconciderunt</span> 
     </span>
     <span class='ocr_line' id='line_1_22' title="bbox 58 2087 1179 2168; baseline -0.001 -19"><span class='ocrx_word' id='word_1_179' title='bbox 58 2099 87 2149; x_wconf 80' lang='lat'>20</span> <span class='ocrx_word' id='word_1_180' title='bbox 107 2095 140 2148; x_wconf 91' lang='lat' dir='ltr'>ut</span> <span class='ocrx_word' id='word_1_181' title='bbox 154 2095 275 2167; x_wconf 88' lang='lat' dir='ltr'>putares</span> <span class='ocrx_word' id='word_1_182' title='bbox 289 2087 347 2151; x_wconf 90' lang='lat' dir='ltr'>hoc</span> <span class='ocrx_word' id='word_1_183' title='bbox 363 2091 552 2164; x_wconf 83' lang='lat' dir='ltr'>convenisse,</span> <span class='ocrx_word' id='word_1_184' title='bbox 571 2099 601 2150; x_wconf 90' lang='lat' dir='ltr'>et</span> <span class='ocrx_word' id='word_1_185' title='bbox 615 2098 740 2152; x_wconf 89' lang='lat' dir='ltr'>stertere</span> <span class='ocrx_word' id='word_1_186' title='bbox 754 2097 896 2168; x_wconf 87' lang='lat' dir='ltr'>tauquam</span> <span class='ocrx_word' id='word_1_187' title='bbox 912 2089 982 2149; x_wconf 90' lang='lat' dir='ltr'>olim</span> <span class='ocrx_word' id='word_1_188' title='bbox 997 2087 1179 2149; x_wconf 83' lang='lat' dir='ltr'>dormientes</span> 
     </span>
     <span class='ocr_line' id='line_1_23' title="bbox 108 2182 368 2244; baseline 0.004 -11"><span class='ocrx_word' id='word_1_189' title='bbox 108 2192 161 2236; x_wconf 90' lang='lat' dir='ltr'>coe</span> <span class='ocrx_word' id='word_1_190' title='bbox 200 2182 282 2234; x_wconf 92' lang='lat' dir='ltr'>runt.</span> <span class='ocrx_word' id='word_1_191' title='bbox 363 2233 368 2244; x_wconf 85' lang='grc'><em>,</em></span> 
     </span>
     <span class='ocr_line' id='line_1_24' title="bbox 161 2192 1181 2339; baseline -0.002 -21"><span class='ocrx_word' id='word_1_192' title='bbox 161 2192 252 2318; x_wconf 65' lang='lat' dir='ltr'>peiam</span> <span class='ocrx_word' id='word_1_193' title='bbox 264 2268 293 2319; x_wconf 91' lang='lat' dir='ltr'>et</span> <span class='ocrx_word' id='word_1_194' title='bbox 300 2259 515 2320; x_wconf 74' lang='lat' dir='ltr'>tricliniarches</span> <span class='ocrx_word' id='word_1_195' title='bbox 526 2267 717 2339; x_wconf 81' lang='lat' dir='ltr'>experrectus</span> <span class='ocrx_word' id='word_1_196' title='bbox 726 2259 858 2318; x_wconf 87' lang='lat' dir='ltr'>lucernis</span> <span class='ocrx_word' id='word_1_197' title='bbox 866 2256 1071 2319; x_wconf 89' lang='lat' dir='ltr'>occidentibus</span> <span class='ocrx_word' id='word_1_198' title='bbox 1082 2256 1181 2317; x_wconf 93' lang='lat' dir='ltr'>oleum</span> 
     </span>
     <span class='ocr_line' id='line_1_25' title="bbox 110 2343 1180 2424; baseline -0.002 -20"><span class='ocrx_word' id='word_1_199' title='bbox 110 2343 315 2419; x_wconf 66' lang='lat' dir='ltr'>infuderatet</span> <span class='ocrx_word' id='word_1_200' title='bbox 324 2344 411 2424; x_wconf 90' lang='lat' dir='ltr'>pueri</span> <span class='ocrx_word' id='word_1_201' title='bbox 426 2344 550 2405; x_wconf 84' lang='lat' dir='ltr'>detersis</span> <span class='ocrx_word' id='word_1_202' title='bbox 564 2344 715 2424; x_wconf 90' lang='lat' dir='ltr'>paulisper</span> <span class='ocrx_word' id='word_1_203' title='bbox 726 2343 819 2404; x_wconf 92' lang='lat' dir='ltr'>oculis</span> <span class='ocrx_word' id='word_1_204' title='bbox 830 2343 979 2402; x_wconf 90' lang='lat' dir='ltr'>redierant</span> <span class='ocrx_word' id='word_1_205' title='bbox 994 2343 1029 2402; x_wconf 92' lang='lat' dir='ltr'>ad</span> <span class='ocrx_word' id='word_1_206' title='bbox 1045 2343 1180 2404; x_wconf 87' lang='lat' dir='ltr'>ministe-</span> 
     </span>
     <span class='ocr_line' id='line_1_26' title="bbox 109 2426 1180 2509; baseline -0.001 -20"><span class='ocrx_word' id='word_1_207' title='bbox 109 2429 202 2504; x_wconf 82' lang='lat' dir='ltr'>rium,</span> <span class='ocrx_word' id='word_1_208' title='bbox 223 2447 291 2489; x_wconf 91' lang='lat' dir='ltr'>cum</span> <span class='ocrx_word' id='word_1_209' title='bbox 305 2429 422 2490; x_wconf 89' lang='lat' dir='ltr'>intrans</span> <span class='ocrx_word' id='word_1_210' title='bbox 436 2429 633 2509; x_wconf 75' lang='lat' dir='ltr'>cymbalistria</span> <span class='ocrx_word' id='word_1_211' title='bbox 648 2438 678 2489; x_wconf 90' lang='lat' dir='ltr'>et</span> <span class='ocrx_word' id='word_1_212' title='bbox 698 2427 883 2506; x_wconf 86' lang='lat' dir='ltr'>concrepans</span> <span class='ocrx_word' id='word_1_213' title='bbox 898 2444 965 2488; x_wconf 87' lang='lat' dir='ltr'>aera</span> <span class='ocrx_word' id='word_1_214' title='bbox 982 2445 1086 2489; x_wconf 91' lang='lat' dir='ltr'>omnes</span> <span class='ocrx_word' id='word_1_215' title='bbox 1101 2426 1180 2488; x_wconf 88' lang='lat' dir='ltr'>exci-</span> 
     </span>
     <span class='ocr_line' id='line_1_27' title="bbox 58 2507 1239 2593; baseline -0.003 -19"><span class='ocrx_word' id='word_1_216' title='bbox 58 2524 89 2574; x_wconf 78' lang='lat'>25</span> <span class='ocrx_word' id='word_1_217' title='bbox 108 2515 188 2575; x_wconf 87' lang='lat' dir='ltr'>tavit.</span> <span class='ocrx_word' id='word_1_218' title='bbox 217 2516 363 2575; x_wconf 87' lang='lat' dir='ltr'>refectum</span> <span class='ocrx_word' id='word_1_219' title='bbox 384 2514 476 2593; x_wconf 86' lang='lat' dir='ltr'>igitur</span> <span class='ocrx_word' id='word_1_220' title='bbox 496 2523 542 2576; x_wconf 90' lang='lat' dir='ltr'>est</span> <span class='ocrx_word' id='word_1_221' title='bbox 561 2514 774 2576; x_wconf 72' lang='lat' dir='ltr'>consiliumet</span> <span class='ocrx_word' id='word_1_222' title='bbox 795 2529 901 2574; x_wconf 90' lang='lat' dir='ltr'>rursus</span> <span class='ocrx_word' id='word_1_223' title='bbox 919 2512 1062 2584; x_wconf 83' lang='lat' dir='ltr'>Quartilla</span> <span class='ocrx_word' id='word_1_224' title='bbox 1083 2513 1119 2572; x_wconf 89' lang='lat' dir='ltr'>ad</span> <span class='ocrx_word' id='word_1_225' title='bbox 1134 2512 1179 2573; x_wconf 94' lang='lat' dir='ltr'>bi·</span> <span class='ocrx_word' id='word_1_226' title='bbox 1197 2507 1239 2570; x_wconf 86' lang='lat'>23</span> 
     </span>
     <span class='ocr_line' id='line_1_28' title="bbox 110 2597 1181 2678; baseline -0.002 -18"><span class='ocrx_word' id='word_1_227' title='bbox 110 2599 242 2661; x_wconf 91' lang='lat' dir='ltr'>bendum</span> <span class='ocrx_word' id='word_1_228' title='bbox 262 2600 416 2661; x_wconf 88' lang='lat' dir='ltr'>revocavit.</span> <span class='ocrx_word' id='word_1_229' title='bbox 453 2599 563 2660; x_wconf 87' lang='lat' dir='ltr'>adiuvit</span> <span class='ocrx_word' id='word_1_230' title='bbox 582 2600 756 2662; x_wconf 85' lang='lat' dir='ltr'>hilaritatem</span> <span class='ocrx_word' id='word_1_231' title='bbox 779 2598 965 2659; x_wconf 89' lang='lat' dir='ltr'>comissantis</span> <span class='ocrx_word' id='word_1_232' title='bbox 984 2597 1181 2678; x_wconf 82' lang='lat' dir='ltr'>cymbalistria</span> 
     </span>
     <span class='ocr_line' id='line_1_29' title="bbox 637 2706 654 2744; baseline 0 0"><span class='ocrx_word' id='word_1_233' title='bbox 637 2706 654 2744; x_wconf 73' lang='lat' dir='ltr'>tr</span> 
     </span>
     <span class='ocr_line' id='line_1_30' title="bbox 9 2755 1180 2850; baseline -0.002 -21"><span class='ocrx_word' id='word_1_234' title='bbox 9 2755 11 2850; x_wconf 65' lang='lat' dir='ltr'>l</span> <span class='ocrx_word' id='word_1_235' title='bbox 196 2769 288 2830; x_wconf 90' lang='lat' dir='ltr'>intrat</span> <span class='ocrx_word' id='word_1_236' title='bbox 306 2770 463 2843; x_wconf 81' lang='lat' dir='ltr'>cinaedus,</span> <span class='ocrx_word' id='word_1_237' title='bbox 486 2770 575 2830; x_wconf 90' lang='lat' dir='ltr'>homo</span> <span class='ocrx_word' id='word_1_238' title='bbox 592 2770 725 2831; x_wconf 90' lang='lat' dir='ltr'>omnium</span> <span class='ocrx_word' id='word_1_239' title='bbox 736 2768 958 2848; x_wconf 88' lang='lat' dir='ltr'>insulsissimus</span> <span class='ocrx_word' id='word_1_240' title='bbox 980 2774 1009 2827; x_wconf 92' lang='lat' dir='ltr'>et</span> <span class='ocrx_word' id='word_1_241' title='bbox 1029 2768 1117 2848; x_wconf 91' lang='lat' dir='ltr'>plane</span> <span class='ocrx_word' id='word_1_242' title='bbox 1132 2767 1180 2828; x_wconf 91' lang='lat' dir='ltr'>illa</span> 
     </span>
     <span class='ocr_line' id='line_1_31' title="bbox 9 2852 1182 2940; baseline -0.003 -24"><span class='ocrx_word' id='word_1_243' title='bbox 9 2867 11 2940; x_wconf 67' lang='lat' dir='ltr'><strong><em>g</em></strong></span> <span class='ocrx_word' id='word_1_244' title='bbox 110 2856 200 2916; x_wconf 92' lang='lat' dir='ltr'>domo</span> <span class='ocrx_word' id='word_1_245' title='bbox 215 2855 331 2933; x_wconf 82' lang='lat' dir='ltr'>dignus,</span> <span class='ocrx_word' id='word_1_246' title='bbox 346 2856 398 2934; x_wconf 88' lang='lat' dir='ltr'>qui</span> <span class='ocrx_word' id='word_1_247' title='bbox 413 2864 447 2917; x_wconf 89' lang='lat' dir='ltr'>ut</span> <span class='ocrx_word' id='word_1_248' title='bbox 460 2855 594 2938; x_wconf 79' lang='lat' dir='ltr'>infractis</span> <span class='ocrx_word' id='word_1_249' title='bbox 609 2855 746 2916; x_wconf 88' lang='lat' dir='ltr'>manibus</span> <span class='ocrx_word' id='word_1_250' title='bbox 761 2853 942 2933; x_wconf 74' lang='lat' dir='ltr'>congemuit,</span> <span class='ocrx_word' id='word_1_251' title='bbox 957 2852 1101 2914; x_wconf 87' lang='lat' dir='ltr'>eiusmodi</span> <span class='ocrx_word' id='word_1_252' title='bbox 1115 2871 1182 2913; x_wconf 92' lang='lat' dir='ltr'>car-</span> 
     </span>
     <span class='ocr_line' id='line_1_32' title="bbox 9 2939 1111 3104; baseline -0.005 -16"><span class='ocrx_word' id='word_1_253' title='bbox 9 2985 12 3064; x_wconf 37' lang='lat'>?</span> <span class='ocrx_word' id='word_1_254' title='bbox 57 3034 89 3084; x_wconf 76' lang='lat'>30</span> <span class='ocrx_word' id='word_1_255' title='bbox 109 2957 194 3001; x_wconf 63' lang='lat' dir='ltr'>mma</span> <span class='ocrx_word' id='word_1_256' title='bbox 208 2939 392 3087; x_wconf 51' lang='lat' dir='ltr'>effbllnntchuc</span> <span class='ocrx_word' id='word_1_257' title='bbox 407 3030 461 3086; x_wconf 83' lang='lat' dir='ltr'>cito</span> <span class='ocrx_word' id='word_1_258' title='bbox 477 3025 635 3086; x_wconf 86' lang='lat' dir='ltr'>convenite</span> <span class='ocrx_word' id='word_1_259' title='bbox 651 3023 1023 3104; x_wconf 79' lang='lat' dir='ltr'>nunc,spatalocinaedi,&#39;</span> <span class='ocrx_word' id='word_1_260' title='bbox 1110 3031 1111 3039; x_wconf 76' lang='grc'>’</span> 
     </span>
     <span class='ocr_line' id='line_1_33' title="bbox 250 3107 999 3190; baseline -0.007 -18"><span class='ocrx_word' id='word_1_261' title='bbox 250 3113 325 3190; x_wconf 91' lang='lat' dir='ltr'>pede</span> <span class='ocrx_word' id='word_1_262' title='bbox 336 3112 458 3184; x_wconf 84' lang='lat' dir='ltr'>tendite,</span> <span class='ocrx_word' id='word_1_263' title='bbox 473 3128 595 3173; x_wconf 88' lang='lat' dir='ltr'>cursum</span> <span class='ocrx_word' id='word_1_264' title='bbox 609 3109 714 3182; x_wconf 81' lang='lat' dir='ltr'>addite,</span> <span class='ocrx_word' id='word_1_265' title='bbox 730 3109 884 3169; x_wconf 79' lang='lat' dir='ltr'>convolate</span> <span class='ocrx_word' id='word_1_266' title='bbox 899 3107 999 3186; x_wconf 91' lang='lat' dir='ltr'>planta</span> 
     </span>
     <span class='ocr_line' id='line_1_34' title="bbox 9 3193 1052 3276; baseline -0.004 -20"><span class='ocrx_word' id='word_1_267' title='bbox 9 3193 11 3274; x_wconf 69' lang='lat' dir='ltr'>l</span> <span class='ocrx_word' id='word_1_268' title='bbox 251 3197 417 3276; x_wconf 79' lang='lat' dir='ltr'>femoreque</span> <span class='ocrx_word' id='word_1_269' title='bbox 430 3196 518 3272; x_wconf 80' lang='lat' dir='ltr'>sacili,</span> <span class='ocrx_word' id='word_1_270' title='bbox 534 3196 622 3256; x_wconf 90' lang='lat' dir='ltr'>clune</span> <span class='ocrx_word' id='word_1_271' title='bbox 637 3194 704 3274; x_wconf 82' lang='lat' dir='ltr'>agili</span> <span class='ocrx_word' id='word_1_272' title='bbox 719 3203 749 3255; x_wconf 88' lang='lat' dir='ltr'>et</span> <span class='ocrx_word' id='word_1_273' title='bbox 763 3210 854 3254; x_wconf 93' lang='lat' dir='ltr'>manu</span> <span class='ocrx_word' id='word_1_274' title='bbox 867 3209 1018 3272; x_wconf 89' lang='lat' dir='ltr'>procaces,</span> <span class='ocrx_word' id='word_1_275' title='bbox 1050 3236 1052 3244; x_wconf 69' lang='lat'><em>,</em></span> 
     </span>
     <span class='ocr_line' id='line_1_35' title="bbox 249 3277 852 3357; baseline -0.005 -17"><span class='ocrx_word' id='word_1_276' title='bbox 249 3281 363 3355; x_wconf 86' lang='lat' dir='ltr'>molles,</span> <span class='ocrx_word' id='word_1_277' title='bbox 378 3291 502 3357; x_wconf 86' lang='lat' dir='ltr'>veteres,</span> <span class='ocrx_word' id='word_1_278' title='bbox 518 3281 627 3342; x_wconf 86' lang='lat' dir='ltr'>Deliaci</span> <span class='ocrx_word' id='word_1_279' title='bbox 641 3296 733 3340; x_wconf 92' lang='lat' dir='ltr'>manu</span> <span class='ocrx_word' id='word_1_280' title='bbox 746 3277 852 3340; x_wconf 69' lang='lat' dir='ltr'>recisi!</span> 
     </span>
     <span class='ocr_line' id='line_1_36' title="bbox 9 3361 1183 3444; baseline -0.003 -19"><span class='ocrx_word' id='word_1_281' title='bbox 9 3423 11 3438; x_wconf 74' lang='grc'><strong>,</strong></span> <span class='ocrx_word' id='word_1_282' title='bbox 111 3365 299 3440; x_wconf 87' lang='lat' dir='ltr'>consumptis</span> <span class='ocrx_word' id='word_1_283' title='bbox 313 3366 445 3428; x_wconf 83' lang='lat' dir='ltr'>versibus</span> <span class='ocrx_word' id='word_1_284' title='bbox 457 3366 518 3428; x_wconf 89' lang='lat' dir='ltr'>suis</span> <span class='ocrx_word' id='word_1_285' title='bbox 531 3365 768 3427; x_wconf 91' lang='lat' dir='ltr'>immundissimo</span> <span class='ocrx_word' id='word_1_286' title='bbox 782 3381 830 3424; x_wconf 90' lang='lat' dir='ltr'>me</span> <span class='ocrx_word' id='word_1_287' title='bbox 842 3361 924 3424; x_wconf 90' lang='lat' dir='ltr'>basio</span> <span class='ocrx_word' id='word_1_288' title='bbox 936 3361 1085 3441; x_wconf 88' lang='lat' dir='ltr'>conspuit.</span> <span class='ocrx_word' id='word_1_289' title='bbox 1100 3379 1183 3444; x_wconf 88' lang='lat' dir='ltr'>mox</span> 
     </span>
     <span class='ocr_line' id='line_1_37' title="bbox 9 3447 1184 3530; baseline -0.002 -22"><span class='ocrx_word' id='word_1_290' title='bbox 9 3457 12 3518; x_wconf 77' lang='lat' dir='ltr'>l</span> <span class='ocrx_word' id='word_1_291' title='bbox 58 3457 89 3508; x_wconf 83' lang='lat'>35</span> <span class='ocrx_word' id='word_1_292' title='bbox 110 3457 142 3510; x_wconf 90' lang='lat' dir='ltr'>et</span> <span class='ocrx_word' id='word_1_293' title='bbox 157 3447 375 3528; x_wconf 89' lang='lat' dir='ltr'>superlectum</span> <span class='ocrx_word' id='word_1_294' title='bbox 389 3451 469 3510; x_wconf 83' lang='lat' dir='ltr'>veuit</span> <span class='ocrx_word' id='word_1_295' title='bbox 489 3462 577 3530; x_wconf 69' lang='lat' dir='ltr'>atque</span> <span class='ocrx_word' id='word_1_296' title='bbox 592 3452 675 3512; x_wconf 90' lang='lat' dir='ltr'>omni</span> <span class='ocrx_word' id='word_1_297' title='bbox 695 3448 847 3511; x_wconf 84' lang='lat' dir='ltr'>videtexit</span> <span class='ocrx_word' id='word_1_298' title='bbox 867 3456 1063 3510; x_wconf 90' lang='lat' dir='ltr'>recusantem.</span> <span class='ocrx_word' id='word_1_299' title='bbox 1093 3465 1184 3526; x_wconf 92' lang='lat' dir='ltr'>super</span> 
     </span>
     <span class='ocr_line' id='line_1_38' title="bbox 109 3532 1185 3616; baseline -0.003 -22"><span class='ocrx_word' id='word_1_300' title='bbox 109 3534 237 3614; x_wconf 84' lang='lat' dir='ltr'>inguina</span> <span class='ocrx_word' id='word_1_301' title='bbox 258 3550 324 3594; x_wconf 88' lang='lat' dir='ltr'>mea</span> <span class='ocrx_word' id='word_1_302' title='bbox 349 3533 400 3594; x_wconf 92' lang='lat' dir='ltr'>diu</span> <span class='ocrx_word' id='word_1_303' title='bbox 425 3537 610 3616; x_wconf 88' lang='lat' dir='ltr'>multumque</span> <span class='ocrx_word' id='word_1_304' title='bbox 635 3537 745 3598; x_wconf 80' lang='lat' dir='ltr'>trustra</span> <span class='ocrx_word' id='word_1_305' title='bbox 768 3533 882 3595; x_wconf 89' lang='lat' dir='ltr'>moluit.</span> <span class='ocrx_word' id='word_1_306' title='bbox 915 3532 1105 3615; x_wconf 84' lang='lat' dir='ltr'>profluebant</span> <span class='ocrx_word' id='word_1_307' title='bbox 1130 3550 1185 3610; x_wconf 90' lang='lat' dir='ltr'>per</span> 
     </span>
    </p>
   </div>
   <div class='ocr_carea' id='block_1_4' title="bbox 1357 1887 1362 1919">
    <p class='ocr_par' dir='ltr' id='par_1_4' title="bbox 1357 1887 1362 1919">
     <span class='ocr_line' id='line_1_39' title="bbox 1357 1887 1362 1919; baseline 0 0"><span class='ocrx_word' id='word_1_308' title='bbox 1357 1887 1362 1919; x_wconf 87' lang='lat' dir='ltr'>l</span> 
     </span>
    </p>
   </div>
   <div class='ocr_carea' id='block_1_5' title="bbox 112 3682 1185 4028">
    <p class='ocr_par' dir='ltr' id='par_1_5' title="bbox 112 3682 1185 4028">
     <span class='ocr_line' id='line_1_40' title="bbox 203 3682 1181 3753; baseline -0.005 -14"><span class='ocrx_word' id='word_1_309' title='bbox 203 3691 215 3739; x_wconf 90' lang='lat' dir='ltr'>l</span> <span class='ocrx_word' id='word_1_310' title='bbox 236 3685 337 3738; x_wconf 83' lang='lat' dir='ltr'>invitati</span> <span class='ocrx_word' id='word_1_311' title='bbox 360 3683 499 3753; x_wconf 67' lang='lat' dir='ltr'>Iahnius!</span> <span class='ocrx_word' id='word_1_312' title='bbox 521 3690 537 3739; x_wconf 83' lang='grc'>6</span> <span class='ocrx_word' id='word_1_313' title='bbox 557 3685 647 3737; x_wconf 85' lang='lat' dir='ltr'>iniuria</span> <span class='ocrx_word' id='word_1_314' title='bbox 670 3685 778 3751; x_wconf 89' lang='lat' dir='ltr'>depulsa</span> <span class='ocrx_word' id='word_1_315' title='bbox 799 3685 868 3736; x_wconf 81' lang='lat' dir='ltr'>malo</span> <span class='ocrx_word' id='word_1_316' title='bbox 890 3685 1011 3735; x_wconf 78' lang='lat' dir='ltr'>breviato</span> <span class='ocrx_word' id='word_1_317' title='bbox 1032 3682 1181 3750; x_wconf 66' lang='lat' dir='ltr'>uideatur}</span> 
     </span>
     <span class='ocr_line' id='line_1_41' title="bbox 112 3750 1185 3821; baseline 0 -17"><span class='ocrx_word' id='word_1_318' title='bbox 112 3753 185 3819; x_wconf 72' lang='lat' dir='ltr'>larga</span> <span class='ocrx_word' id='word_1_319' title='bbox 214 3755 431 3820; x_wconf 76' lang='lat' dir='ltr'>luugorrrmaaua</span> <span class='ocrx_word' id='word_1_320' title='bbox 451 3750 496 3821; x_wconf 75' lang='lat' dir='ltr'>ll</span> <span class='ocrx_word' id='word_1_321' title='bbox 521 3753 671 3819; x_wconf 89' lang='lat' dir='ltr'>sopionibus</span> <span class='ocrx_word' id='word_1_322' title='bbox 695 3754 758 3804; x_wconf 75' lang='lat' dir='ltr'>libri</span> <span class='ocrx_word' id='word_1_323' title='bbox 783 3751 881 3806; x_wconf 77' lang='lat' dir='ltr'>Catulli</span> <span class='ocrx_word' id='word_1_324' title='bbox 900 3752 944 3816; x_wconf 81' lang='lat'>37,</span> <span class='ocrx_word' id='word_1_325' title='bbox 967 3751 1012 3804; x_wconf 86' lang='lat'>10.</span> <span class='ocrx_word' id='word_1_326' title='bbox 1036 3750 1185 3817; x_wconf 86' lang='lat' dir='ltr'>ropionibus</span> 
     </span>
     <span class='ocr_line' id='line_1_42' title="bbox 113 3818 1184 3888; baseline -0.001 -16"><span class='ocrx_word' id='word_1_327' title='bbox 113 3821 266 3888; x_wconf 71' lang='lat' dir='ltr'>Horisiurl</span> <span class='ocrx_word' id='word_1_328' title='bbox 287 3827 313 3876; x_wconf 92' lang='lat' dir='ltr'>ll</span> <span class='ocrx_word' id='word_1_329' title='bbox 338 3822 487 3876; x_wconf 83' lang='lat' dir='ltr'>marcebant</span> <span class='ocrx_word' id='word_1_330' title='bbox 507 3821 689 3873; x_wconf 71' lang='lat' dir='ltr'>Tarusatium</span> <span class='ocrx_word' id='word_1_331' title='bbox 706 3820 716 3888; x_wconf 76' lang='lat' dir='ltr'>l}</span> <span class='ocrx_word' id='word_1_332' title='bbox 735 3823 766 3872; x_wconf 83' lang='lat' dir='ltr'>ld</span> <span class='ocrx_word' id='word_1_333' title='bbox 788 3820 865 3886; x_wconf 71' lang='lat' dir='ltr'>tregit</span> <span class='ocrx_word' id='word_1_334' title='bbox 881 3818 892 3888; x_wconf 73' lang='lat' dir='ltr'>l</span> <span class='ocrx_word' id='word_1_335' title='bbox 908 3822 941 3872; x_wconf 82' lang='lat'>20</span> <span class='ocrx_word' id='word_1_336' title='bbox 963 3823 1124 3886; x_wconf 59' lang='lat' dir='ltr'>capuciatus·</span> <span class='ocrx_word' id='word_1_337' title='bbox 1139 3834 1184 3871; x_wconf 87' lang='lat' dir='ltr'>eos</span> 
     </span>
     <span class='ocr_line' id='line_1_43' title="bbox 114 3887 1185 3958; baseline -0.004 -16"><span class='ocrx_word' id='word_1_338' title='bbox 114 3890 238 3944; x_wconf 76' lang='lat' dir='ltr'>cenulam</span> <span class='ocrx_word' id='word_1_339' title='bbox 255 3907 313 3944; x_wconf 90' lang='lat' dir='ltr'>esse</span> <span class='ocrx_word' id='word_1_340' title='bbox 328 3897 379 3944; x_wconf 80' lang='lat' dir='ltr'>aut</span> <span class='ocrx_word' id='word_1_341' title='bbox 394 3891 527 3944; x_wconf 85' lang='lat' dir='ltr'>nobiscum</span> <span class='ocrx_word' id='word_1_342' title='bbox 544 3889 648 3941; x_wconf 82' lang='lat' dir='ltr'>venisse</span> <span class='ocrx_word' id='word_1_343' title='bbox 660 3891 671 3953; x_wconf 75' lang='lat' dir='ltr'>{l</span> <span class='ocrx_word' id='word_1_344' title='bbox 682 3891 715 3941; x_wconf 81' lang='grc'>26</span> <span class='ocrx_word' id='word_1_345' title='bbox 727 3887 843 3950; x_wconf 69' lang='lat' dir='ltr'>fortasse</span> <span class='ocrx_word' id='word_1_346' title='bbox 855 3887 1044 3956; x_wconf 79' lang='lat' dir='ltr'>cymbalistriae</span> <span class='ocrx_word' id='word_1_347' title='bbox 1061 3889 1185 3958; x_wconf 57' lang='lat' dir='ltr'>[centusi</span> 
     </span>
     <span class='ocr_line' id='line_1_44' title="bbox 114 3955 1002 4028; baseline 0 -20"><span class='ocrx_word' id='word_1_348' title='bbox 114 3959 149 4009; x_wconf 79' lang='lat'>28</span> <span class='ocrx_word' id='word_1_349' title='bbox 167 3961 445 4025; x_wconf 67' lang='lat' dir='ltr'>concrepuit&#39;ladua&#39;us</span> <span class='ocrx_word' id='word_1_350' title='bbox 456 3959 468 4028; x_wconf 67' lang='lat' dir='ltr'>fl</span> <span class='ocrx_word' id='word_1_351' title='bbox 480 3963 512 4014; x_wconf 84' lang='lat'>33</span> <span class='ocrx_word' id='word_1_352' title='bbox 531 3971 638 4010; x_wconf 84' lang='lat' dir='ltr'>veneres</span> <span class='ocrx_word' id='word_1_353' title='bbox 656 3959 758 4010; x_wconf 64' lang='lat' dir='ltr'>coenet</span> <span class='ocrx_word' id='word_1_354' title='bbox 770 3955 780 4026; x_wconf 79' lang='lat' dir='ltr'>d</span> <span class='ocrx_word' id='word_1_355' title='bbox 792 3961 824 4012; x_wconf 80' lang='lat'>36</span> <span class='ocrx_word' id='word_1_356' title='bbox 842 3956 1002 4025; x_wconf 84' lang='lat' dir='ltr'>pertinebant</span> 
     </span>
    </p>
   </div>
   <div class='ocr_carea' id='block_1_6' title="bbox 166 4045 991 4098">
    <p class='ocr_par' dir='ltr' id='par_1_6' title="bbox 166 4045 991 4098">
     <span class='ocr_line' id='line_1_45' title="bbox 166 4045 991 4098; baseline 0.002 -4"><span class='ocrx_word' id='word_1_357' title='bbox 166 4051 267 4096; x_wconf 79' lang='lat' dir='ltr'>Petronii</span> <span class='ocrx_word' id='word_1_358' title='bbox 280 4053 361 4098; x_wconf 71' lang='lat' dir='ltr'>satim</span> <span class='ocrx_word' id='word_1_359' title='bbox 374 4054 409 4096; x_wconf 82' lang='lat' dir='ltr'>ed.</span> <span class='ocrx_word' id='word_1_360' title='bbox 422 4054 456 4096; x_wconf 86' lang='lat'>111</span> <span class='ocrx_word' id='word_1_361' title='bbox 762 4070 766 4078; x_wconf 91' lang='grc'>·</span> <span class='ocrx_word' id='word_1_362' title='bbox 975 4045 991 4096; x_wconf 78' lang='lat'>2</span> 
     </span>
    </p>
   </div>
   <div class='ocr_carea' id='block_1_7' title="bbox 0 0 1405 4476">
    <p class='ocr_par' dir='ltr' id='par_1_7' title="bbox 0 0 1405 4476">
     <span class='ocr_line' id='line_1_46' title="bbox 0 0 1405 4476; baseline 0 0"><span class='ocrx_word' id='word_1_363' title='bbox 0 0 1405 4476; x_wconf 95' lang='lat' dir='ltr'> </span> 
     </span>
    </p>
   </div>
  </div>
 </body>
</html>
