2780 4480
554 205 696 260 PRIAPIIA

196 397 253 458 qua
268 379 345 442 salva
360 380 424 442 sine
440 381 573 444 sectione
589 383 663 444 lacta

195 474 326 545 ponetur
341 464 394 526 tibi
408 466 496 546 picta,
514 484 602 545 quam
616 467 729 543 levaris,

195 568 317 630 compar
332 550 553 631 consimilisque
569 553 789 632 concolorque’.

194 635 330 715 promisit
344 637 408 698 lore
423 637 643 716 mentulamque
657 638 750 699 movit

195 739 252 801 pro
268 729 342 783 nutu
359 721 431 784 deus
446 731 476 783 et
491 731 592 802 rogata
606 723 685 784 lecit.

552 873 696 937 XXXVIII

197 973 377 1054 Simpliciter
391 975 445 1036 tibi
460 993 517 1052 me,
533 977 733 1056 quodcunque
750 987 802 1054 est,
818 978 917 1041 dicere
933 988 1058 1060 oportet,

243 1068 348 1121 natura
364 1069 409 1122 est
424 1060 563 1140 quoniam
580 1081 699 1142 semper
713 1071 812 1144 aperta
828 1065 914 1126 mihi:

196 1144 334 1224 pedicare
349 1146 425 1222 volo,
441 1154 474 1207 tu
488 1146 531 1208 vis
546 1146 707 1228 decerpere
721 1167 809 1228 poma
817 1168 826 1226 ;

241 1230 319 1309 quod
336 1239 414 1310 peto,
430 1231 455 1292 si
470 1231 595 1306 dederis,
611 1233 690 1312 quod
707 1234 792 1314 pello,
808 1233 944 1316 accipies.

545 1383 703 1446 XXXVIIII

195 1483 301 1545 Forma
316 1484 480 1548 Mercurius
494 1493 593 1565 potest
605 1486 733 1567 placere,

196 1570 289 1630 forma
306 1569 534 1650 conspiciendus
549 1579 593 1632 est
608 1572 721 1651 Apollo,

196 1655 344 1716 formosus
359 1673 477 1734 quoque
492 1656 626 1736 pingitur
640 1657 764 1738 Lyaeus,

197 1740 425 1802 formosissimus
441 1741 573 1802 omnium
588 1753 632 1804 est
648 1741 771 1822 Cupido.

196 1843 243 1886 me
258 1825 360 1905 pulcra
375 1827 469 1888 lateor
484 1844 585 1887 carere
600 1828 705 1901 forma,

197 1928 299 1971 verum
313 1911 446 1972 mentula
460 1911 610 1973 luculenta
625 1921 727 1975 nostra
743 1921 801 1974 est:

198 1995 273 2057 hanc
287 1996 397 2057 mavult
412 1996 467 2058 sihi
482 2015 572 2076 quam
587 1997 659 2060 deos
672 1998 797 2079 priores,

197 2079 221 2141 si
237 2089 353 2158 quaest
370 2101 430 2142 non
447 2083 519 2143 latui
534 2083 632 2162 puella
648 2083 750 2144 cunni.

575 2233 680 2298 XXXX

195 2334 270 2396 Nota
285 2333 458 2398 Suburanas
473 2336 552 2396 Inter
567 2335 723 2398 Telethusa
738 2335 861 2417 puellas,

243 2437 327 2498 quae,
344 2428 425 2500 puto,
441 2420 478 2481 de
493 2429 617 2500 quaestu
631 2421 724 2483 libera
739 2423 814 2483 lacta
832 2438 886 2482 suo
903 2429 955 2495 est

199 2505 290 2584 cingit
305 2505 438 2567 inaurata
454 2525 563 2586 penem
577 2506 641 2582 tibi,
655 2513 766 2580 sancte,
783 2524 910 2567 corona:

242 2590 322 2651 hunc
337 2591 470 2670 pathicae
487 2592 594 2654 summi
610 2592 742 2654 numinis
757 2593 850 2654 instar
864 2591 984 2668 habent.

568 2743 687 2808 XXXXI

198 2842 337 2923 Quisquis
352 2846 467 2907 venerit
481 2846 547 2922 huc,
564 2856 653 2927 poeta
668 2849 718 2910 dat

196 2937 226 2989 et
240 2947 342 2992 versus
357 2930 428 2991 mihi
443 2931 557 2993 dedicet
572 2932 697 2994 icccsos.

197 3014 325 3092 quinon
342 3016 453 3091 lecerit,
470 3015 549 3078 inter
565 3017 696 3079 eruditos

197 3099 386 3163 ficosissimus
400 3101 530 3162 ambulet
545 3109 656 3181 poetas.

561 3252 693 3315 XXXXII

196 3352 303 3416 Laetus
318 3353 502 3433 Aristagoras
518 3357 594 3419 natis
609 3356 686 3418 bene
702 3356 805 3418 vilicus
821 3357 884 3418 uvis

244 3439 281 3499 de
296 3457 363 3500 cera
378 3441 453 3501 lacta
468 3441 517 3502 dat
531 3440 584 3503 tibi
600 3459 696 3522 poma,
713 3442 795 3504 deus.

144 3520 148 3528 '
197 3532 227 3584 at
241 3531 273 3585 tu
288 3526 393 3586 sacrati
410 3534 569 3595 contentus
584 3527 711 3607 imagine
726 3527 808 3608 pomi
830 3577 835 3582 .

243 3610 290 3670 lac
304 3628 389 3673 veros
404 3613 519 3674 fructus
534 3610 591 3688 ille,
608 3611 722 3694 Priape,
739 3614 822 3676 ferat.

95 3741 294 3755 -ι--ι

175 3827 290 3880 XXXVII
304 3831 334 3882 12
347 3845 425 3898 parva
438 3833 464 3883 et
476 3830 668 3899 consimilisque
681 3831 690 3899 ΙΙ
705 3829 796 3882 XXXX
813 3837 823 3886 l
838 3830 949 3885 celesIna
964 3829 1165 3884 Laurentianus

95 3896 122 3946 ld
137 3901 176 3948 eet
192 3895 313 3950 Telesina
332 3898 335 3965 Ι
357 3901 372 3950 2
391 3904 454 3967 puta
478 3899 564 3951 codem
582 3897 807 3967 Guelferbytanus
825 3897 835 3970 ll
854 3899 967 3952 XXXIIII
987 3902 1002 3954 l
1021 3899 1102 3954 lactus
1120 3900 1164 3954 dot

96 3963 139 4016 tibi
156 3965 222 4018 dona
241 3967 382 4032 Hauptc'ur.
418 3981 484 4034 cera,
502 3966 582 4034 fundi,
601 3966 646 4021 dat
664 3969 829 4021 conlocaram

142 4057 244 4101 Petronii
257 4058 338 4102 utrm
352 4059 385 4102 ed.
399 4059 433 4103 111
932 4057 960 4108 10
