2768 4480
546 225 733 286 Mamurrae

588 400 628 461 ur
645 401 688 480 (a)

307 520 396 581 quam
411 502 529 582 ly'mpha
544 503 650 565 melius
665 508 680 564 4
696 499 804 566 lacuna
818 503 946 566 fontium
1204 514 1249 566 all

308 585 402 648 adlata
417 588 486 649 nido
502 588 586 667 potili
601 589 780 668 permisceat

581 706 635 767 uu
651 706 694 785 (r)

308 825 380 888 cape
396 806 473 868 hanc
488 807 629 870 caducam
645 807 744 870 leeri
759 808 877 870 mollem
893 808 998 889 dapem
1207 817 1250 870 449

306 891 341 953 de
357 892 463 953 fronde
478 893 597 955 Bromia
611 894 815 992 autumnitatis
829 893 944 955 uvidam

599 1011 622 1071 V

209 1129 246 1172 an
270 1110 326 1173 hoc
348 1119 478 1192 praestat
500 1013 682 1193 Herophiffis)
701 1113 842 1194 Diogeni,
865 1115 945 1195 quod
967 1113 1015 1176 ille
1038 1121 1176 1176 eventre
1204 1123 1248 1176 444

93 1215 209 1278 aquam
224 1194 335 1258 mittit?
357 1192 418 1280 [ad]
434 1197 491 1258 hoc
506 1206 536 1259 te
551 1197 664 1261 iactas?
687 1207 715 1260 at
729 1200 787 1288 hoc
801 1207 888 1279 paeto
904 1199 1005 1262 utilior
1019 1208 1047 1274 te
1063 1199 1177 1262 Tuscus

90 1282 217 1364 aquilei

588 1367 626 1429 Vl
642 1369 685 1447 (5)

207 1469 259 1547 qui
271 1467 465 1530 Tarentinum
478 1478 561 1530 tuum
577 1469 614 1530 ad
626 1469 812 1532 Heraclidem
825 1469 970 1532 Ponticon
982 1469 1177 1533 contenderet
1205 1480 1248 1532 445

605 1584 680 1648 Vll*

205 1670 309 1732 turdae
1201 1683 1246 1736 446

578 1753 643 1815 Vlll
658 1755 702 1831 (3)

207 1864 239 1917 tu
255 1856 402 1918 medicum
418 1864 448 1917 te
463 1856 554 1919 audes
568 1856 678 1931 dicere,
694 1875 762 1918 cum
777 1857 808 1919 in
824 1857 945 1919 eborato
961 1857 1038 1919 lecto
1054 1876 1087 1918 ac
1102 1875 1175 1938 pur·
1204 1870 1247 1922 let

93 1958 194 2024 pureo
217 1941 394 2020 peristroma
417 1939 528 2004 cubare
550 1943 647 2005 videas
669 1950 822 2023 aegrotum
845 1943 960 2005 eteius
982 1942 1065 2022 prius
1079 1942 1175 2004 alvum

93 2043 188 2107 quam
202 2022 302 2112 τύλην
316 2026 481 2089 subducere
496 2025 601 2092 malis?

571 2145 594 2205 v

207 2264 295 2325 quam
311 2246 341 2306 in
357 2245 525 2308 testudineo
541 2145 740 2309 lectlossgultita
755 2248 873 2327 plumea
889 2247 920 2308 in
935 2249 982 2310 die
998 2249 1126 2310 dormire
1202 2258 1246 2313 448

505 2427 600 2482 saum
618 2427 767 2482 VENALES

645 2551 707 2594 non
723 2537 752 2595 te
767 2534 811 2595 tui
827 2533 928 2596 saltem
945 2534 1046 2614 pudet,
1200 2549 1244 2600 449

304 2622 329 2679 sl
345 2617 420 2679 nihil
437 2618 493 2679 mei
509 2616 702 2680 revereatur?

552 2789 725 2854 SERRA'NVS

474 2905 549 2972 περὶ
567 2897 802 2971 ἀρχαιρεσιῶν

599 3007 611 3067 l

305 3108 334 3166 et
348 3113 450 3186 petere
465 3005 743 3188 imperiumsslrpuli
759 3115 788 3168 et
802 3107 984 3169 contendere
998 3107 1131 3171 honores
1199 3119 1242 3170 459

94 3211 302 3237 ..ι-..-

184 3291 235 3342 442
253 3288 286 3343 Ν.
301 3305 330 3355 p.
352 3293 399 3344 445
417 3289 492 3342 nidus
511 3289 516 3358 1
539 3289 672 3358 lympham
692 3290 696 3359 l
720 3290 832 3343 adlatam
850 3289 924 3342 nidos
942 3290 953 3356 ΙΙ
975 3292 1026 3343 443
1043 3290 1077 3343 Ν
1091 3307 1120 3358 p.
1138 3296 1169 3345 'll

93 3356 256 3413 autumnitas
275 3362 301 3407 et
313 3373 343 3423 p.
362 3360 411 3410 244
430 3372 521 3425 capere
536 3357 539 3425 Ι
555 3357 587 3410 de
605 3358 714 3412 frontem
732 3357 836 3427 bromil
853 3361 903 3411 444
920 3357 956 3411 Ν.
970 3375 999 3425 p.
1018 3361 1050 3412 cs
1069 3359 1171 3428 aquilei

93 3433 168 3493 etp.
186 3427 233 3478 art
253 3426 401 3494 praestaret
422 3442 453 3479 an
471 3426 520 3479 lroc
538 3431 564 3478 te
581 3426 699 3494 Iunius!
720 3426 753 3479 ad
770 3426 820 3479 hoe
837 3429 914 3494 pacto
931 3426 941 3495 ll
957 3430 1007 3480 445
1024 3426 1102 3494 Np.
1121 3430 1170 3481 260

93 3492 262 3549 contendere.
297 3496 434 3545 amariam
454 3495 658 3560 sesquialterum
676 3495 706 3547 L.
724 3495 868 3547 Mueller-ur
888 3493 955 3556 fecit
972 3494 976 3563 l
995 3495 1068 3560 ponti
1088 3494 1098 3563 ΙΙ
1120 3497 1170 3549 446

93 3564 131 3616 Ν.
140 3577 171 3629 p.
185 3563 233 3614 229
252 3561 320 3613 turdi
337 3563 437 3628 generis
451 3561 574 3615 lemlnini.
603 3562 683 3617 Varro
697 3562 905 3632 Quinquatribus,
923 3566 1044 3628 aequiust·
1055 3562 1092 3624 fr.
1106 3567 1156 3617 447
1163 3585 1170 3626 ;

91 3629 263 3683 intercidisse
285 3632 374 3695 egitur·
397 3631 473 3682 illius
493 3634 567 3682 occis
589 3633 738 3698 exemplum
759 3636 786 3683 et
810 3630 865 3700 tyle
886 3631 1005 3696 glossam
1025 3633 1145 3683 ardimor
1160 3631 1170 3700 ll

93 3701 146 3754 447
166 3697 266 3765 tupledi
288 3702 364 3750 conta
389 3699 483 3751 caudes
507 3699 593 3754 audes.
624 3705 738 3766 propter
757 3701 874 3765 glossam
897 3701 948 3752 446
970 3702 1058 3751 contra
1082 3697 1169 3753 turdos

93 3764 322 3886 andepvoellprpu
337 3765 438 3885 llquam
460 3771 549 3834 typen.
576 3773 688 3834 propter
701 3768 818 3834 glossam
835 3771 886 3821 446
904 3766 1003 3819 turdum
1022 3764 1145 3832 Scaliger
1161 3768 1171 3837 ΙΙ

92 3837 147 3890 448
194 3873 201 3888 .
237 3873 243 3886 .
312 3835 405 3887 cncita

182 3848 235 3954 4479,
250 3900 285 3953 N
294 3917 322 3968 p.
336 3904 384 3955 ter
397 3907 507 3956 veretur.
536 3906 656 3955 amarior
668 3903 781 3956 llotlaiua
793 3902 879 3955 ooladt
896 3902 943 3968 (nil
960 3902 1010 3955 mei
1029 3905 1169 3971 reveretur)

182 3972 235 4022 450Ἰ
251 3968 285 4022 Ν.
300 3985 328 4035 p.
347 3972 397 4024 tue
415 3970 569 4024 contendere

148 4061 251 4106 Petronii
264 4062 345 4107 sacrm
358 4063 392 4107 ed.
411 4063 444 4106 111
936 4059 967 4109 14
